2674 4449
1272 285 1355 350 21

314 470 616 552 publicam
653 467 946 530 turbatam
984 464 1380 529 seditionibus
1422 464 1521 527 Tr.
1560 464 1641 546 pl.
1685 470 1744 528 et
1782 464 2043 530 Prae'tor.
2085 466 2188 547 qui
2231 484 2321 530 ar·

314 585 458 647 muti
490 582 847 663 Capitolium
877 589 1305 662 occupaverant
1341 581 1420 644 VI
1452 583 1588 644 Cos.
1622 581 1950 645 vindicavit.
1987 582 2132 644 Post
2153 580 2319 645 Lxx

317 717 534 762 annum
562 698 748 779 patria
772 715 881 777 per
911 715 1071 760 arma
1104 696 1299 760 civilia
1330 697 1628 777 expulsus,
1668 698 1847 759 armis
1879 698 2185 758 restitutus
2213 694 2321 759 vll

317 813 455 877 Cos».
490 812 676 875 factus
709 817 816 874 est.
877 811 969 874 De
1004 812 1298 874 manubiis
1328 810 1643 874 Cimbricis
1675 816 1735 873 et
1766 809 2078 874 Teutoniis
2109 808 2321 873 aedem

318 924 541 988 Honori
587 930 644 985 et
675 923 887 987 Virtuti
917 923 1109 985 victor
1137 924 1296 986 fecit.
1360 924 1541 988 Veste
1573 922 1938 1003 triumphali,
1969 920 2187 984 calceis
2216 937 2322 1001 pa-

316 1038 499 1099 triciis
532 1083 547 1099 .
577 1083 592 1098 .
629 1083 644 1097 .
679 1083 694 1097 .
785 1034 1087 1099 Multatius
1116 1034 1199 1099 M.
1233 1036 1296 1098 F.

455 1238 583 1292 000.
626 1239 724 1291 Vll
757 1276 770 1289 .
810 1276 823 1290 .
862 1277 876 1292 .
913 1276 927 1291 .
961 1241 1057 1292 Tr.
1094 1240 1247 1293 milit.
1315 1241 1496 1307 Aurel,
1530 1240 1715 1293 Victor
1747 1240 1783 1292 l.
1819 1240 1857 1291 l.
1892 1236 2119 1307 „Primis
2153 1237 2325 1288 hono-

314 1326 477 1378 ribus>
498 1341 593 1393 per
629 1326 859 1378 ordinem
891 1323 1156 1379 functus.“
1225 1326 1455 1378 Primum
1503 1327 1741 1378 tribunus
1776 1326 1997 1377 militum
2030 1326 2205 1376 factus
2242 1328 2328 1374 est

317 1412 577 1479 (Sallust.
603 1413 714 1464 Bel.
738 1413 860 1478 Jug.
901 1429 1013 1480 cap.
1033 1415 1147 1476 63.)
1184 1413 1237 1464 in
1271 1413 1408 1463 bello
1437 1411 1748 1464 Numantino
1784 1411 1879 1474 sub
1908 1410 2155 1478 Scipione
2171 1409 2325 1461 Afri-

321 1515 452 1551 cano
507 1500 823 1565 imperatore
846 1535 863 1565 ,
917 1503 973 1550 ut
1009 1497 1188 1565 colligi
1223 1502 1399 1564 potest
1434 1513 1495 1549 ex
1528 1496 1811 1550 Plutarcho
1865 1498 2024 1558 (Mar.
2060 1511 2172 1563 cap.
2206 1493 2326 1563 3.);

319 1600 435 1636 mox
468 1584 706 1635 tribunus
742 1585 910 1651 plebis
948 1584 1177 1637 Caecilio
1212 1585 1433 1636 Metello
1469 1585 1679 1636 iuvante
1716 1584 1875 1650 (Ibid.
1912 1600 2027 1651 cap.
2057 1583 2170 1650 4.)3
2205 1589 2328 1650 post

316 1670 634 1723 aedilitatem
681 1671 776 1721 sed
828 1672 1031 1723 frustra
1084 1670 1268 1738 petivit
1301 1670 1402 1736 (lb.
1439 1686 1483 1724 ο.
1518 1671 1634 1738 5.),
1687 1678 1997 1740 quapropter
2029 1685 2192 1738 neque
2226 1670 2327 1723 hoc

316 1757 476 1829 elogii
513 1758 627 1809 loco
666 1756 896 1809 eiusdem
932 1757 1124 1810 mentio
1162 1757 1458 1825 reperitur3
1497 1774 1599 1811 non
1621 1759 1779 1810 multo
1803 1763 1921 1825 post
1940 1761 2153 1825 praetor
2171 1772 2324 1810 crea-

313 1850 399 1897 tus
435 1844 530 1895 sed
565 1843 740 1895 ultimo
776 1843 889 1896 loco
923 1859 1022 1896 non
1060 1845 1175 1896 sine
1212 1845 1439 1895 ambitus
1476 1846 1777 1912 suspicione
1812 1842 1972 1910 (Ibid.
2000 1842 2170 1910 ο.5.),
2203 1848 2326 1909 post

313 1935 612 1999 praeturam
659 1929 882 1981 Iberiam
912 1928 1211 1983 ulteriorem
1245 1931 1571 1998 provinciam
1610 1931 1852 1983 sortitus.
1922 1931 2168 1983 Valerius
2203 1931 2325 1982 Ma-

315 2019 487 2069 ximus
524 2016 642 2080 (vl,
667 2021 716 2068 9.
749 2015 856 2078 ¹4.)
897 2016 959 2066 de
995 2016 1095 2067 hoc
1131 2017 1385 2068 honorum
1421 2032 1615 2069 cursu:
1653 2018 1876 2084 Marius,
1911 2018 2096 2085 inquit,
2127 2016 2327 2086 „Arpi-

317 2103 527 2155 natibus
578 2101 863 2155 honoribus
918 2101 1181 2155 iudioatus
1234 2102 1485 2171 inferior,
1543 2108 1880 2172 quaesturam
1914 2103 2112 2167 Romae
2146 2108 2326 2168 petere

317 2206 482 2244 ausus
533 2196 651 2258 est3
703 2189 955 2258 patientia
1006 2189 1190 2243 deinde
1238 2191 1573 2257 repulsarum
1609 2189 1796 2259 irrupit
1828 2191 2001 2258 magis
2038 2191 2091 2243 in
2127 2188 2326 2244 curiam

316 2295 465 2348 quam
503 2280 681 2344 venit3
717 2279 772 2328 in
809 2277 1116 2343 tribunatus,
1138 2293 1337 2347 quoque
1376 2285 1429 2330 et
1463 2278 1754 2329 aedilitatis
1790 2279 2037 2345 petitione
2070 2276 2322 2330 consimi-

322 2369 426 2419 lem
462 2365 628 2431 campi
658 2368 832 2416 notam
872 2370 1138 2429 expertus,
1175 2367 1453 2429 praeturae
1478 2364 1790 2416 candidatus
1810 2369 2071 2429 postremo
2092 2365 2207 2417 loco
2239 2362 2325 2415 in-

324 2452 522 2517 haesit,
556 2467 704 2520 quam
738 2457 908 2502 tamen
944 2463 1045 2502 non
1081 2450 1195 2500 sine
1231 2450 1461 2515 periculo
1499 2450 1748 2503 obtinuit:
1797 2451 2022 2504 ambitus
2060 2451 2192 2503 enim
2228 2467 2324 2505 ac-

320 2545 538 2593 cusatus
573 2538 661 2589 vix
694 2543 846 2605 atque
872 2550 1028 2602 aegre
1053 2535 1428 2588 absolutionem
1449 2554 1478 2588 a
1495 2535 1755 2589 iudicibus
1775 2535 2120 2605 impetravit.“
2179 2541 2323 2602 Qua-

282 2634 289 2641 ·
318 2629 528 2695 propter
561 2623 868 2678 viscontius
905 2620 1281 2691 (Iconograph.
1315 2638 1448 2675 rom.
1482 2624 1543 2676 Τ.
1577 2623 1618 2676 1.
1652 2640 1704 2691 p.
1721 2622 1835 2689 99.)
1869 2641 1971 2677 non
2007 2626 2145 2677 satis
2180 2632 2327 2677 recte

222 2733 227 2740 ·
315 2713 408 2765 PR
439 2712 880 2780 interpretandum
917 2725 1042 2762 esse
1079 2710 1491 2776 Proconsulem,
1526 2726 1690 2779 neque
1708 2712 2024 2764 Praetorem
2043 2711 2324 2766 contendit.

315 2803 394 2853 De
430 2799 594 2852 Mario
632 2813 833 2865 augure
867 2798 996 2850 nihil
1032 2812 1250 2865 usquam
1287 2803 1601 2864 compertum
1636 2798 1903 2851 habemuS.
1962 2798 2072 2850 Sed
2109 2798 2325 2880 eundem

320 2887 738 2953 superstitiosum
790 2885 844 2936 in
879 2883 1341 2936 vaticinationibus
1378 2900 1524 2935 omne
1560 2899 1727 2950 genus
1764 2885 2115 2938 observandis
2150 2884 2324 2937 fuisse

321 2978 541 3025 constat.
577 2973 845 3025 Plutarch.
884 2972 1017 3023 Mar.
1054 2986 1168 3039 cap.
1209 2973 1293 3022 1⁸7.
1330 2973 1418 3022 38.
1454 2973 1539 3024 42.
1584 2998 1635 3009 —
1674 2972 1980 3025 Censoriam
2018 2973 2325 3038 dignitatem

319 3076 418 3112 non
454 3063 541 3109 est
573 3059 811 3125 adeptus,
848 3075 947 3128 qua
984 3059 1047 3109 de
1084 3074 1142 3122 re
1177 3057 1496 3110 Plutarchus
1533 3059 1586 3110 in
1615 3059 1749 3111 Mar.
1787 3075 1901 3127 cap.
1918 3061 2004 3111 30.
2036 3060 2170 3113 haec
2206 3063 2323 3109 tra-

322 3147 425 3203 dit:
460 3143 544 3198 Ἐκ
578 3144 770 3199 τούτου
809 3144 874 3211 (i.
909 3161 953 3197 e.
989 3145 1293 3212 Saturnino,
1328 3145 1555 3199 Tribuno
1592 3146 1781 3214 plebis,
1815 3152 1867 3198 et
1904 3147 2128 3200 Glaucia
2161 3162 2325 3213 prae-

316 3241 430 3288 tore
464 3232 790 3296 interfectis)
824 3237 933 3292 τοῖς
961 3251 1016 3286 τε
1050 3235 1291 3293 δυνατοῖς
1323 3236 1439 3296 ἅμα
1473 3236 1563 3287 καὶ
1596 3237 1670 3304 τῷ
1703 3231 1849 3304 δήμῳ
1886 3230 2322 3306 προσκεκρουκὰς,

318 3320 586 3396 temdus·
619 3315 1026 3391 παραπεσούσης
1043 3357 1060 3384 ,
1093 3320 1329 3381 ἐπίδοξος
1365 3319 1435 3374 ὤν
1470 3317 1531 3375 οὐ
1567 3324 1834 3391 μετῆλθεν
1868 3315 1984 3374 ἀλλ’
2019 3322 2186 3376 ε’ὡισεν
2218 3319 2324 3376 ἑτέ-

321 3429 445 3484 ρους
477 3406 875 3478 ὑποδεεστέρους
910 3408 1217 3480 αἱρεθῆναι,
1253 3403 1429 3468 δεδιώς
1461 3405 1772 3477 ἀποτυχεῖν.

457 3496 646 3549 Extra
682 3499 899 3546 sortem.
971 3494 1263 3548 Sallustius
1303 3495 1436 3545 Bell.
1472 3495 1595 3563 Jug.
1632 3512 1745 3565 cap.
1779 3499 1866 3549 ⁷3.
1927 3498 2043 3563 „lta
2075 3496 2326 3562 perculsa

320 3582 591 3635 nobilitate
628 3587 750 3649 post
782 3581 973 3633 multas
1008 3579 1350 3648 tempestates
1387 3598 1523 3635 novo
1555 3582 1748 3636 homini
1774 3584 2083 3637 consulatus
2102 3583 2326 3636 manda·
2413 3575 2417 3602 ⁸

322 3676 404 3722 tur
457 3674 509 3721 et
558 3675 744 3736 postea
793 3668 1012 3735 populus
1063 3685 1096 3719 a
1131 3668 1358 3720 Tribuno
1393 3670 1566 3736 plebis
1603 3670 1834 3723 Manlius
1870 3676 2124 3739 rogatus,
2177 3686 2323 3739 quem

323 3757 485 3808 vellet
519 3772 633 3809 eum
667 3755 934 3823 Jugurtha
967 3755 1160 3807 bellum
1193 3771 1402 3822 gerere,
1435 3757 1683 3827 frequens
1719 3758 1943 3811 Marium
1976 3758 2153 3811 iussit.
2221 3756 2325 3808 Sed

325 3848 541 3894 senatus
592 3844 751 3912 paulo
805 3849 923 3895 ante
977 3841 1192 3894 Metello
1228 3843 1561 3910 decreverat3
1613 3859 1678 3895 ea
1708 3859 1802 3897 res
1836 3846 2039 3897 frustra
2068 3838 2218 3896 i’uit.“
2258 3868 2320 3881 —

325 3929 468 3997 Rege
516 3931 704 3985 omittit
753 3931 1031 3985 Boissard.
1084 3958 1148 3970 —
1206 3928 1335 3984 Coe.
1373 3930 1561 3984 omittit
1596 3930 1801 3985 Gruter.
1855 3962 1913 3976 —·
1967 3931 2319 4001 mearum.
