2674 4449
1274 274 1358 342 19

319 458 592 526 aequatum
625 452 778 521 dicit,
813 455 871 504 ut
902 451 1012 505 bini
1047 450 1349 509 Dictatores
1386 456 1586 508 essent.
1625 451 1743 522 (καὶ
1776 451 1841 528 δὴ
1877 453 1971 512 δύο
2006 455 2322 534 Δικτοίτορες

314 541 635 612 ἐγεγόνεισαν
680 541 770 595 ἐπὶ
802 561 896 601 τας
914 537 1097 607 αὐτὰς
1131 538 1375 614 πράξεις,
1413 544 1445 596 ὅ
1479 540 1741 616 πρότερον
1762 541 2011 600 οὐδέποτε
2040 547 2319 620 συνεβεβῆε-

316 648 393 686 κει
426 625 582 701 παρὰ
600 627 941 694 ..Ρωμαίοιςᾙ
979 644 1080 679 non
1117 629 1251 681 satis
1272 634 1533 682 *accurate
1551 648 1570 697 ;
1607 647 1725 682 nam
1744 631 2003 686 Minucius
2041 634 2173 687 idem
2208 653 2321 691 cum

315 719 483 770 Fabio
518 715 783 782 imperium
817 731 979 783 neque
1014 731 1141 768 vero
1179 732 1362 768 nomen
1398 717 1617 770 obtinuit
1654 719 1963 787 plebiscito,
1994 727 2214 789 rogante
2246 725 2317 777 M.

320 803 526 857 Metilio
561 803 762 855 tribuno
797 802 986 867 plebiS,
1025 802 1082 853 C.
1119 803 1367 854 Terentio
1384 803 1619 856 Varrone
1656 822 1900 874 suasore,
1938 814 1993 861 ut
2016 809 2205 863 Livius
2223 826 2319 864 co-

160 841 215 965 ’.ἐξ
317 891 527 957 piosius
552 895 734 942 narrat
754 889 922 955 xxn,
959 892 1044 944 25.
1061 891 1146 941 26.
1183 889 1439 942 Similiter
1462 891 1777 944 Plutarchus
1806 892 2118 960 (ἤι’-ΜΠ·
2139 901 2318 966 ⁰“P·9·

323 975 425 1032 Τὸν
474 975 766 1030 Μινούκιον
809 976 1128 1045 ἐψηφίσαντο
1169 979 1262 1045 τῆς
1296 979 1615 1049 στρατηγίας
1650 977 1907 1044 ὁμότιμον
1941 979 2088 1048 ὄντα,
2124 987 2319 1044 διέπειν

315 1061 408 1119 τὸν
438 1062 669 1128 πόλεμον
703 1059 818 1117 ἀπὸ
852 1067 946 1133 τῆς
979 1059 1144 1134 αὐτῆς
1177 1064 1407 1124 ἐξουσίας
1439 1068 1513 1134 τῷ
1545 1065 1884 1139 Δικτοίτωρι).
1921 1072 2243 1140 Quapropter
2265 1075 2321 1127 in

316 1152 488 1218 elogio
520 1153 750 1218 populus
786 1150 1055 1215 imperium
1092 1150 1378 1217 aquavisse
1412 1159 1557 1204 recte
1594 1154 1860 1207 scribitur.
1899 1159 2043 1218 Quod
2067 1159 2318 1214 Valerius
2354 1140 2361 1159 Ι

315 1239 577 1290 Maximus
612 1237 739 1302 (111,
774 1240 823 1289 8.
858 1234 941 1301 2.)
979 1238 1151 1289 minus
1189 1244 1436 1290 accurate
1473 1240 1683 1307 scribit,
1749 1259 1783 1294 a
1826 1251 2014 1296 senatu
2046 1245 2319 1312 imperium

315 1330 585 1394 aequatum
623 1339 781 1389 esse,
817 1324 924 1374 nisi
960 1325 1241 1374 memoriae
1273 1325 1431 1390 lapsu
1466 1327 1752 1392 comiserit,
1787 1330 2023 1383 fortasse
2056 1333 2177 1384 inde
2212 1337 2317 1386 flu·-

202 1380 211 1417 ¹⁷
313 1411 408 1478 xit,
446 1411 579 1479 quod
616 1416 836 1462 senatus
876 1410 1103 1462 consulti
1136 1410 1308 1460 literis
1345 1411 1546 1463 Fabius
1583 1414 1644 1463 de
1679 1415 1774 1466 illo
1814 1416 2091 1482 plebiscito
2127 1423 2320 1476 certior

268 1556 271 1565 ἦ
311 1500 488 1550 factus
530 1503 630 1549 est.
667 1496 814 1561 (Liv.
853 1498 890 1547 l.
927 1497 963 1548 l.
999 1495 1366 1563 „acceptisque
1402 1497 1456 1548 in
1489 1498 1607 1564 ipso
1642 1500 1833 1553 itinere
1853 1496 2034 1557 literis
2063 1514 2317 1562 senatus-

314 1584 538 1639 consulti
576 1584 638 1634 de
673 1587 888 1650 aequato
925 1578 1174 1647 imperio‘·‘
1214 1581 1314 1646 δέ.)
1354 1583 1492 1635 —Ab
1529 1588 1779 1640 exercitu
1811 1590 2118 1646 Minuciano
2151 1596 2317 1648 Pater

314 1672 615 1739 appellatus
651 1676 764 1736 eet,
801 1670 878 1721 ita
913 1670 1113 1740 quidem
1147 1676 1203 1722 ut
1235 1669 1500 1726 Minucius
1536 1672 1794 1727 exercitus
1832 1676 1931 1728 dux
1963 1679 2181 1733 Fabium
2215 1699 2316 1750 pa-

314 1762 445 1810 trem
481 1757 756 1824 apellaret:
806 1774 924 1809 nam
971 1757 1166 1809 milites
1217 1757 1302 1808 sui
1348 1765 1596 1823 patronos
1634 1762 2009 1817 commilitones
2054 1769 2315 1823 exercitus

311 1845 534 1897 Fabiani
562 1847 943 1897 salutaverunt.
1010 1844 1197 1897 Livius
1218 1844 1431 1912 (xxn,
1468 1845 1585 1909 29.)
1633 1847 1915 1902 Minucium
1951 1852 2029 1903 ita
2062 1854 2317 1909 dicentem

312 1931 545 1984 inducit:
585 1932 703 1999 „ubi
739 1946 837 1997 ego
876 1946 989 1983 eum
1022 1931 1300 1983 Parentem
1337 1932 1696 1999 appellavero,
1750 1936 1883 2002 quod
1913 1938 2163 1993 beneflcio
2198 1942 2314 1996 eius

315 2033 446 2083 erga
479 2034 578 2069 nos
617 2018 890 2069 maiestate
927 2019 1041 2068 eius
1078 2017 1289 2081 dignum
1326 2024 1442 2081 est,
1479 2033 1577 2069 vos
1607 2020 1800 2072 milites
1839 2038 1932 2074 eos
1967 2042 2179 2093 quorum
2212 2045 2313 2082 vos

313 2103 461 2154 modo
507 2118 656 2154 arma
706 2103 1016 2171 dextraeque
1051 2107 1339 2169 tenuerunt,
1375 2104 1633 2157 Patronos
1668 2107 1990 2164 salutabitis.
2059 2114 2317 2170 Similiter

312 2188 580 2243 Plutarch.
618 2191 742 2242 Fab.
787 2205 901 2258 cap.
938 2191 1022 2241 13.
1079 2190 1253 2243 Valer.
1285 2191 1496 2243 Maxim.
1531 2193 1595 2262 V,
1632 2195 1684 2246 2.
1718 2197 1767 2248 4.

449 2279 742 2331 Tarentum
778 2277 935 2345 cepit,
971 2277 1327 2345 muntphavit.
1392 2279 1590 2332 Fabius
1626 2283 1907 2337 'Parentum
1941 2288 2059 2339 dolo
2097 2296 2150 2343 et
2182 2307 2310 2358 pro-

316 2366 509 2418 ditione
545 2365 697 2431 cepit.
768 2364 994 2416 Uberius
1031 2380 1138 2416 rem
1172 2369 1393 2416 narrant
1425 2364 1616 2417 Livius
1648 2367 2307 2437 xxvl1,15.1e.1²1u-

312 2452 530 2505 tarchus
565 2452 620 2501 in
655 2452 786 2502 Fab.
826 2466 935 2516 cap.
971 2453 1057 2503 21.
1092 2451 1179 2502 22.
1266 2453 1347 2503 De
1378 2452 1637 2519 triumpho
1675 2455 1957 2513 'l'areu'tino
1992 2464 2309 2522 Plutarchus

313 2536 454 2604 (1.1.
491 2554 537 2590 c.
574 2535 720 2602 23.)·
779 2540 978 2592 Τοῦτον
1023 2536 1263 2611 δεύτερον
1307 2538 1585 2611 θρίαμβον
1615 2542 1967 2616 ἐθριάμβευσε
2001 2552 2309 2627 λαμπρότε-

313 2644 406 2697 ρον
439 2623 533 2679 τού
569 2625 829 2697 προτέρου
869 2623 1087 2692 Φάβιος.

440 2713 576 2766 Dux
615 2752 628 2765 .
721 2714 1144 2769 ‚cautissimum
1217 2717 1468 2793 Conferre
1503 2717 1698 2773 iuvabit
1731 2721 2068 2778 Plutarchum
2103 2727 2157 2779 in
2177 2731 2304 2783 Fab.
2321 2771 2328 2774 γε

308 2814 336 2851 c
390 2800 441 2852 1.
475 2800 561 2868 qui
593 2816 774 2852 veram
811 2805 865 2851 et
899 2801 1182 2867 spirantem
1215 2803 1416 2882 indolis,
1439 2805 1707 2859 Fabianae
1729 2808 2009 2876 imaginem
2032 2816 2271 2883 proponit
2283 2835 2303 2885 3

309 2886 610 2953 Liviumque
643 2888 813 2954 ΧΧΠ,
853 2889 940 2938 39.
979 2903 1074 2955 quo
1111 2889 1224 2940 loco
1260 2890 1481 2943 Fabium
1516 2891 1569 2942 in
1605 2894 1859 2965 oratione,
1897 2915 1999 2968 qua
2029 2899 2305 2957 AemilIum

310 2969 530 3021 Paulum
556 2972 832 3025 Consulem
868 2974 1165 3043 alloquitur,
1199 2978 1472 3043 praeclare
1498 2980 1561 3030 de
1587 2995 1688 3032 sua
1709 2982 1838 3034 belli
1865 2989 2083 3050 gerendi
2100 2992 2304 3045 ratione

311 3057 656 3109 disserentem
690 3059 901 3113 inducit.
949 3061 1090 3113 mem
1121 3062 1291 3128 xxx,
1327 3066 1413 3116 26.
1451 3066 1553 3118 hoo
1588 3068 1652 3120 (ιο
1686 3053 1858 3122 Fabio!
1885 3072 2134 3130 iudicium
2166 3078 2302 3132 fort:

310 3143 556 3212 „Cautior
591 3160 740 3211 quam
773 3148 1020 3212 promtior
1052 3148 1141 3199 hic
1171 3148 1377 3202 habitus
1409 3152 1541 3219 fuit,
1589 3157 1642 3205 et
1675 3156 1815 3207 sicut
1848 3158 2085 3227 dubites,
2132 3167 2302 3217 utrum

307 3232 518 3297 ingenio
556 3237 824 3298 cunctator
857 3235 1046 3298 fuerit,
1084 3251 1147 3286 an
1183 3236 1302 3304 quia
1336 3235 1412 3288 ita
1446 3237 1581 3290 bello
1618 3243 1853 3308 proprie,
1892 3246 2025 3311 quod
2057 3250 2162 3301 tum
2198 3266 2299 3316 gc-

304 3321 536 3386 rebatur,
585 3324 756 3385 aptum
804 3326 946 3373 erat:
997 3321 1076 3374 sic
1118 3322 1247 3374 nihil
1287 3323 1484 3375 certius
1522 3330 1637 3393 est,
1670 3343 1821 3395 quam
1856 3345 2010 3385 unum
2043 3333 2301 3390 hominem

304 3407 454 3459 nobis
492 3408 778 3459 cunctando
813 3423 923 3460 rem
957 3409 1293 3478 restituisse,
1332 3411 1472 3462 sicut
1503 3405 1721 3465 Ennius*
1744 3410 1872 3468 ait.“

444 3495 710 3562 Princeps
753 3495 812 3547 ia
860 3502 1057 3548 senatu
1108 3498 1296 3550 lectus.
1381 3498 1630 3552 Alterius
1661 3503 1819 3555 lustri
1865 3522 1963 3574 quo
2010 3507 2208 3561 Fabius
2244 3509 2298 3563 in
2377 3560 2388 3568 ,

305 3589 542 3636 sonuum
599 3583 840 3650 princeps
885 3585 1064 3638 lectus
1105 3585 1180 3638 sit
1222 3586 1468 3638 memoria
1510 3587 1801 3657 intercidit,
1852 3593 2073 3647 alterum
2106 3596 2297 3650 Livius

302 3669 520 3736 xxvn‚
544 3672 630 3726 11.
667 3675 1056 3722 commemorat:
1095 3672 1303 3738 „Creati
1340 3674 1604 3727 Censores
1631 3677 1776 3729 ambo
1803 3679 1887 3750 qui
1908 3682 2130 3734 nondum
2154 3684 2296 3736 Con-

307 3756 456 3805 sules
489 3758 701 3809 fuerant
733 3758 804 3809 Μ.
844 3757 1116 3809 Cornelius
1154 3760 1437 3829 Cethegus,
1474 3761 1533 3812 P.
1560 3763 1897 3832 Sempronius
1922 3768 2293 3823 Tuditanus—

304 3840 530 3893 Senatus
580 3844 852 3897 lectionem
906 3844 1163 3897 contentio
1215 3847 1353 3900 inter
1398 3848 1657 3903 Censores
1707 3853 1769 3904 de
1804 3853 2038 3922 principe
2071 3857 2294 3923 legendo

301 3926 483 3980 tenuit.
541 3928 833 4004 Sempronii
865 3932 1022 3988 lectio
1059 3938 1176 3989 erat
1190 3949 1210 4001 3
1247 3938 1476 3989 ceterum
1510 3935 1786 3994 Cornelius
1821 3955 2018 3996 morem
2050 3943 2296 3998 traditum

1877 4034 1969 4097 2*
