2674 4449
967 1900 1635 1967 PRAEFA'l'lo.

422 2064 555 2139 Quo
592 2071 866 2143 tempore
897 2079 999 2125 res
1033 2061 1335 2126 Germana
1362 2061 1713 2125 tristissime
1740 2063 1941 2134 iacuit,
1981 2061 2125 2143 (iam
2156 2065 2316 2124 enim

289 2175 423 2240 dies
450 2174 757 2240 Ulmensis
805 2177 864 2237 et
895 2173 1204 2246 lenensis,
1249 2173 1371 2235 iam
1402 2171 1737 2238 foederatio
1772 2173 2056 2238 Rhenana
2082 2180 2140 2239 et
2170 2182 2317 2239 strae

285 2290 720 2355 discordiarum
756 2287 946 2352 furiae
967 2288 1352 2352 Germaniam
1384 2286 1756 2366 afflixerant),
1788 2306 1944 2350 anno
1973 2297 2117 2370 post
2147 2290 2317 2353 Chri-

285 2410 447 2467 stum
497 2409 705 2465 natum
738 2397 1135 2465 Mncccvn.
1180 2398 1555 2472 Ludovicus,
1586 2398 1868 2463 Bavariae
1898 2402 2157 2481 imperio
2188 2402 2316 2463 ime

283 2512 647 2578 hereditario
710 2510 1043 2575 destinatus
1061 2556 1079 2585 ‚
1120 2512 1577 2574 Germanorum
1636 2511 2061 2593 quinquaginta
2107 2512 2315 2576 claris·

285 2627 577 2689 simorum
623 2622 855 2704 effigies
913 2637 1285 2686 marmoreas
1329 2641 1560 2704 ponere
1621 2626 1882 2688 animum
1929 2622 2185 2698 induxit,
2231 2633 2317 2689 at-

281 2754 398 2816 que
440 2734 588 2798 nihil
631 2740 897 2798 moratus
937 2749 1181 2797 manum
1218 2733 1391 2813 operi
1434 2733 1742 2798 admoveri
1791 2735 1988 2800 iussit.
2076 2734 2313 2798 Deinde
2353 2775 2360 2781 -

284 2851 488 2931 augeri
518 2867 832 2914 numerum
851 2894 868 2923 ‚
908 2853 1285 2929 postremum
1329 2846 1645 2911 indefinito
1696 2861 1945 2913 numero
1992 2851 2312 2914 universos

279 2969 572 3043 quotquot
601 2962 757 3025 inter
785 2961 1121 3026 Germanos
1155 2962 1412 3043 egregiis
1445 2960 1723 3025 laudibus
1742 2964 2127 3027 inclaruerint
2147 2981 2312 3027 com·

277 3076 458 3157 plecti
503 3076 725 3156 placuit
765 3075 1078 3157 cogitanti,
1119 3083 1407 3156 quantum
1447 3076 1565 3139 sibi
1592 3084 1828 3156 arroget
1856 3078 2046 3152 siquis
2077 3095 2190 3141 suo
2220 3081 2309 3142 iu·

279 3186 435 3250 dicio
471 3186 840 3250 clarissimos
875 3204 1150 3268 quosque
1187 3189 1352 3251 viros
1386 3184 1462 3249 ad
1494 3192 1725 3250 certum
1755 3205 2072 3251 numerum
2116 3187 2311 3267 adigat

277 3307 341 3363 ut
372 3318 733 3383 quemquam
776 3300 959 3364 alium
1006 3320 1199 3384 aequo
1245 3304 1375 3366 iure
1406 3303 1502 3364 vel
1532 3302 1713 3363 etiam
1742 3300 1994 3365 meliore
2027 3303 2101 3365 ad
2130 3297 2307 3365 huius

276 3411 502 3492 gloriae
534 3412 905 3477 consortium
936 3413 1196 3478 adscisci
1223 3415 1409 3477 licere
1440 3420 1639 3494 neget.
1692 3412 2019 3477 Illustrium
2044 3413 2309 3477 virorum

171 3597 183 3605 ,
279 3524 570 3599 delectus,
606 3526 908 3606 quosfhoc
938 3525 1245 3592 Walhalae
1276 3528 1507 3591 honore
1540 3525 1753 3608 dignos
1777 3528 2152 3608 habebimus,
2184 3531 2308 3591 nori

277 3636 409 3699 aliis
442 3635 662 3700 finibus
695 3656 874 3717 quam
903 3638 1078 3718 patrii
1109 3638 1412 3701 sermonis
1439 3640 1860 3701 communione
1892 3640 2304 3703 continebitur.

277 3745 797 3820 Quemadmodum
830 3751 991 3812 enirn
1042 3751 1282 3813 natione
1315 3749 1532 3813 Graeci
1576 3750 1897 3831 antiquitus
1936 3748 2306 3813 habebantur

275 3860 491 3922 sivein
520 3859 692 3925 Jonia
721 3869 783 3927 et
819 3863 1051 3936 Sicilia,
1099 3866 1226 3926 sive
1257 3865 1525 3944 Cyrenas
1572 3871 1634 3926 et
1672 3861 1981 3926 Massiliae
2023 3865 2175 3933 nati,
2220 3861 2303 3923 ita

273 3970 516 4037 natione
547 3969 828 4041 Germani
857 3974 1228 4043 habebuntur
1258 3991 1414 4057 quos
1436 3972 1705 4047 Livonia,
1737 3972 1982 4047 alsatia,
2013 3970 2300 4044 Helvetia,
