2674 4449
1325 246 1404 307 16

363 420 534 478 tronis
570 423 794 474 habitum
828 426 888 472 nt
919 421 1115 486 pilento
1154 420 1220 468 ad
1257 433 1414 469 sacra
1448 419 1731 485 ludosque,
1782 417 2043 483 carpentis
2080 421 2217 470 festo
2251 435 2379 483 pro-

365 513 601 576 festoque
638 502 954 558 uterentur.“
992 507 1057 557 cf.
1095 504 1337 556 Scheffer
1372 503 1450 553 De
1485 519 1544 553 re
1582 503 1804 554 vehicul.
1842 505 1884 563 1,
1921 506 2003 553 18.
2040 531 2099 540 —
2128 505 2376 556 Locutio:

361 595 638 677 aucoradito
672 606 806 643 aevo
835 593 906 641 ab
945 606 1044 641 usu
1081 589 1345 654 pedestris
1381 588 1668 651 orationis,
1705 590 1907 655 qualem
1943 590 2128 641 Cicero
2160 574 2376 656 eiusque

363 681 609 755 aequales
666 681 951 743 sequuntur
996 675 1309 740 aliquantum
1361 675 1593 736 recedit,
1643 675 1774 738 apud
1809 689 1937 738 quos
1973 674 2095 725 aevi
2128 689 2227 723 vox
2259 674 2376 737 ple-

361 780 571 830 rumque
619 762 773 813 unius
818 759 1044 809 hominis
1097 759 1238 808 vitae
1296 765 1497 822 tempus
1546 759 1836 821 significat.
1907 761 2013 810 Sed
2049 760 2227 809 eodem
2262 760 2376 808 fei-c

363 866 526 925 sensu
579 850 642 898 de
679 846 916 900 universi
954 845 1166 907 generis
1204 843 1418 892 humani
1453 843 1566 893 vita
1599 845 1730 907 apud
1757 846 2040 899 ‚Horatium
2077 844 2248 895 Carm.
2281 844 2374 906 111,

357 941 410 1000 5,
450 937 531 984 15.
571 932 834 996 „exemplo
870 929 1129 979 trahentis
1166 927 1457 979 Perniciem
1496 930 1715 978 veniens
1754 930 1807 978 in
1843 926 2078 980 aevum.“

791 1278 941 1340 Vl.
987 1279 1086 1348 a.
1116 1278 1442 1341 Fabius
1473 1276 1937 1340 Maximus.

498 1412 873 1476 MagistratuS,
910 1410 1096 1478 quibus
1135 1411 1342 1460 functus
1382 1415 1502 1473 est3
1537 1423 1625 1458 res
1662 1409 1716 1459 in
1751 1407 1886 1457 bello
1923 1404 2104 1471 punico
2143 1400 2375 1453 secundo

355 1499 628 1564 praeclare
664 1498 725 1547 ab
763 1512 823 1547 eo
861 1501 1044 1560 gestae
1083 1495 1372 1546 coercendo
1409 1493 1735 1556 Hanibalem,
1771 1490 2120 1542 subveniendo
2149 1487 2375 1538 Minucio

358 1583 613 1648 magistro
655 1581 898 1647 equitum,
935 1581 1166 1630 Tarento
1201 1583 1389 1642 capt03
1427 1583 1746 1643 postremum
1786 1575 1935 1624 ducis
1973 1574 2089 1623 eius
2127 1578 2180 1621 et
2212 1554 2375 1620 sena-

356 1669 488 1720 toris
542 1668 745 1718 laudes.
817 1665 1040 1730 Propria
1093 1670 1178 1714 est
1230 1663 1393 1727 elogii
1441 1661 1840 1725 magistratuum
1886 1658 2082 1723 aliquot
2128 1672 2158 1705 a
2208 1653 2374 1705 Fabio

354 1755 576 1804 Maximo
612 1757 882 1816 gestorum
917 1748 1180 1811 indicatio,
1218 1756 1275 1797 ut
1309 1748 1626 1812 interregiS,
1659 1745 1867 1797 Aedilis
1901 1743 2121 1804 curulis,
2160 1754 2375 1805 quorum

355 1840 480 1890 alibi
518 1853 769 1904 nusquam
794 1836 926 1900 apud
959 1849 1128 1886 rerum
1157 1834 1448 1898 scriptores
1472 1833 1780 1883 mentionem
1807 1829 2116 1894 reperimus.
2153 1826 2374 1874 Praeter

356 1938 447 1985 ea,
500 1937 632 1988 quae
668 1922 767 1987 hoc
804 1918 975 1982 elogio
1014 1918 1371 1981 continentur,
1421 1916 1669 1967 Aurelius
1703 1913 1888 1964 Victor
1925 1913 1978 1961 in
2013 1911 2162 1961 brevi
2199 1922 2371 1959 rerum

352 2024 384 2061 a
433 2007 593 2058 Fabio
638 2005 866 2058 Maximo
916 2010 1189 2069 gestarum
1234 2001 1409 2052 indice
1454 2000 1561 2065 (De
1598 1998 1695 2049 vir.
1731 1995 1981 2049 illustrib.
2020 2010 2064 2046 c.
2101 1992 2215 2056 43.)
2263 1993 2370 2042 alia

352 2094 606 2158 quaedam
660 2090 831 2153 addit,
886 2089 982 2138 sed
1028 2103 1160 2155 quae
1210 2086 1363 2137 titulo
1399 2084 1677 2135 honorario
1715 2098 1815 2134 non
1852 2080 1987 2131 satis
2027 2086 2142 2144 apte
2178 2092 2375 2131 conve-
2414 2109 2417 2112 -

350 2177 620 2228 nirent.—-
642 2173 892 2239 Insriptio
931 2177 1018 2221 est
1053 2171 1106 2224 in
1143 2169 1314 2220 tabula
1353 2183 1647 2220 marmorea
1681 2168 1787 2218 alta
1824 2166 1937 2232 ped.
1973 2180 2101 2214 rom.
2133 2165 2158 2212 1
2189 2161 2373 2212 uncias

353 2266 416 2325 7,
466 2263 572 2312 lata
608 2260 783 2310 itidem
823 2259 1041 2310 circiter
1076 2256 1193 2321 ped.
1232 2257 1258 2303 1
1299 2255 1546 2319 inventa,
1600 2261 1653 2303 ut
1689 2253 1867 2318 plures
1905 2256 2120 2300 veteres
2160 2245 2371 2299 codices

351 2353 641 2410 testantur,
690 2344 922 2406 Arretii,
972 2346 1160 2408 postea
1206 2337 1512 2389 Florentiae
1563 2342 1783 2388 servata
1819 2334 1869 2385 in
1906 2349 2084 2386 museo
2122 2330 2373 2382 Mediceo.

353 2434 434 2483 lta
482 2432 632 2483 Gori.
679 2430 948 2494 Inscriptt.
1001 2433 1198 2478 etrusc.
1250 2426 1312 2475 Τ.
1351 2424 1416 2473 11.
1456 2439 1506 2487 p.
1542 2423 1662 2472 241.
1710 2435 1807 2487 quo
1858 2419 1973 2469 loco
2010 2418 2110 2468 hoc
2146 2413 2374 2478 elogium

352 2517 569 2580 legitur.
664 2514 890 2564 Codices
944 2526 1097 2561 manu
1149 2510 1415 2573 scriptoS,
1462 2507 1546 2572 qui
1571 2508 1686 2556 hoc
1720 2504 1948 2567 elogium
1984 2517 2099 2553 cum
2135 2499 2373 2566 pluribus

355 2601 482 2652 aliis
533 2597 799 2650 veteribus
850 2593 1280 2657 inscriptionibus
1335 2593 1629 2653 continent,
1666 2590 1854 2639 ibidem
1890 2602 2009 2652 pag.
2046 2586 2165 2636 261.
2199 2583 2372 2633 nomi-

352 2688 514 2739 natim
568 2686 867 2746 enumerat,
918 2694 1129 2749 quorum
1177 2678 1381 2745 quidem
1432 2690 1585 2746 unum
1633 2674 1684 2723 in
1721 2673 1892 2737 ipsius
1928 2674 2029 2721 flne
2063 2683 2194 2719 anno
2233 2667 2372 2716 1464

354 2772 605 2837 scriptum
652 2782 781 2819 esse
830 2766 1121 2815 adnotatur.
1194 2763 1296 2813 Alii
1334 2761 1547 2815 codices
1584 2760 1683 2809 hoc
1718 2757 1865 2807 Fabii
1899 2753 2110 2806 Maximi
2145 2750 2370 2815 elogium

353 2865 405 2909 et
427 2857 581 2907 Marii
606 2843 820 2904 inventa
842 2850 1062 2901 Arimini
1085 2849 1383 2915 perhibent,
1413 2846 1545 2913 quod
1568 2857 1748 2894 nomen
1775 2839 1921 2891 urbis
1941 2838 2099 2891 Gorio
2119 2836 2196 2903 (p.
2214 2833 2370 2897 263.)

354 2959 381 2994 e
414 2943 561 2993 falsa
594 2943 747 2989 notae
784 2937 881 2987 Ar.
914 2932 1342 3000 interpretatione
1380 2929 1652 2980 exstitisse
1690 2926 1912 2977 videtur.
1956 2923 2248 2973 Praeterea
2278 2924 2368 2968 ta-

353 3028 528 3080 bulam
563 3037 900 3075 marmoream
938 3035 1053 3071 cum
1089 3019 1267 3067 eodem
1293 3016 1440 3065 Fabii
1467 3014 1637 3077 elogio
1656 3009 1956 3061 Florentiae
1979 3008 2031 3057 in
2054 3007 2256 3057 theatro
2280 3005 2367 3054 in-

354 3118 557 3164 ventam
596 3125 756 3173 esse,
792 3104 1103 3157 Vincentius
1143 3085 1468 3164 Boi-ghinius
1504 3100 1582 3150 De
1618 3095 1822 3159 origine
1845 3092 2151 3143 Florentiae
2174 3107 2223 3155 p.
2244 3091 2362 3139 184.

355 3200 476 3250 185.
511 3202 724 3259 narrat3
778 3207 876 3259 quo
913 3196 1140 3253 tempore
1176 3187 1390 3235 inventa
1426 3182 1533 3246 sit,
1570 3196 1669 3231 non
1708 3179 1869 3241 addit,
1904 3176 2063 3229 Gon-io
2091 3176 2177 3240 ,(ρ.
2210 3171 2365 3237 264.)

354 3287 461 3337 iam
510 3280 722 3333 saeculo
769 3276 966 3327 decimo
1005 3275 1186 3341 quarto
1222 3273 1343 3335 post
1378 3267 1500 3318 Chr.
1541 3272 1643 3315 nat.
1684 3265 1895 3315 inventa
1926 3262 2159 3322 videtur,
2213 3273 2365 3325 quum

353 3372 405 3422 iu
441 3368 596 3423 Acuti
632 3360 924 3414 Florentini
959 3356 1109 3408 titulo
1144 3353 1435 3419 sepulcrali
1484 3364 1615 3400 anno
1652 3349 1790 3399 1493
1825 3346 2051 3397 defuncti
2085 3344 2367 3394 manifesta

280 3491 289 3496 -
350 3442 766 3521 'deprehendatur
801 3443 961 3508 elogii
998 3440 1213 3493 Fabiani
1248 3436 1488 3487 imitatio.
1548 3433 1757 3485 Primus
1795 3430 2017 3494 elogium
2050 3427 2209 3478 edidit
2242 3426 2366 3478 Ma-

354 3540 589 3591 zechiae
624 3533 1000 3599 Epigrammat.
1037 3524 1192 3593 antiq.
1227 3522 1375 3573 urbis
1411 3537 1459 3585 p.
1497 3520 1581 3569 18.
1618 3518 1794 3570 addito
1823 3514 2045 3567 Arimini
2083 3511 2229 3563 urbis
2265 3525 2364 3561 no·-

353 3625 508 3676 mine.
576 3620 828 3673 Editoreu
866 3616 1176 3679 sequuntur:
1212 3609 1423 3658 Gruter.
1458 3604 1717 3654 Thesaur.
1758 3617 1806 3665 p.
1840 3601 1962 3650 406.
2000 3598 2051 3651 ’1.
2100 3596 2227 3647 Gori
2259 3594 2296 3646 l.
2325 3596 2361 3645 l.

352 3706 657 3762 Marcelline
693 3702 747 3752 in
784 3698 909 3751 Stil.
945 3695 1204 3759 inscriptt.
1238 3693 1331 3742 lat.
1370 3703 1486 3754 pag.
1515 3689 1635 3738 265.
1674 3684 1800 3736 Gori
1837 3683 1891 3736 dc
1925 3682 2168 3755 Morcell.
2206 3679 2364 3730 etiam

355 3788 738 3859 commentariis
773 3784 1108 3851 explicarunt.
