2674 4449
1240 318 1329 384 ’10

268 503 422 562 inter
456 496 677 560 decora
698 494 923 559 saeculi
953 495 1189 575 ingenia
1210 495 1541 575 conspicui,
1574 499 1882 574 postremo
1892 493 2232 571 'proximum
2252 512 2289 555 a

267 611 540 690 principe
573 611 632 670 in
657 605 1117 670 adminisiranda
1143 605 1455 686 republica
1472 604 1673 668 locum
1694 607 1962 668 obtinuit.
1998 604 2288 667 Maximus

267 723 419 782 iuxta
440 719 801 782 Scbillerum
820 698 1253 783 Germanorum
1269 724 1481 798 poeta;
1503 738 1682 797 quem
1698 737 1819 780 non
1837 724 2028 780 totum
2039 720 2142 780 uni
2156 715 2288 778 Mu·

267 848 465 893 sarum
496 830 836 892 sacerdotio
868 838 1117 892 vacasse
1150 835 1209 892 et
1240 830 1500 892 scenicis
1545 830 1923 908 potissimum
1969 829 2123 890 ludis
2167 833 2290 889 n'ou

264 945 397 1024 plus
430 956 653 1023 operae
698 943 1104 1023 impendisse,
1169 946 1309 1005 artis
1357 948 1653 1006 amatores
1697 942 1982 1022 estquod
2025 941 2287 1004 doleant.

270 1056 421 1118 Nam
464 1062 530 1117 ut
572 1054 667 1117 vel
717 1057 943 1135 egregii
989 1058 1100 1119 viri
1129 1055 1288 1117 haud
1328 1054 1520 1117 semel
1566 1072 1638 1117 ea
1668 1054 1864 1116 studia
1902 1054 2291 1133 cupidissime

262 1187 327 1230 ar
367 1166 559 1245 ipiunt
577 1211 598 1244 ,
646 1166 706 1227 in
737 1169 950 1246 quibus
987 1184 1106 1228 non
1139 1166 1393 1228 maxime
1415 1164 1748 1235 ‘excellunt,
1793 1166 1873 1225 ita
1904 1163 2199 1227 Goethius
2228 1167 2289 1226 in

262 1275 536 1340 colorum
555 1285 762 1342 natura
789 1279 1119 1358 indaganda
1152 1296 1340 1343 annos
1373 1278 1757 1358 qnadraginta
1779 1277 2129 1338 consumsit.
2162 1276 2291 1339 lam

264 1395 496 1451 mature
520 1388 780 1451 Goethio
811 1397 873 1452 et
904 1392 998 1453 sui
1018 1391 1223 1469 ipsius
1243 1399 1301 1452 et
1332 1392 1626 1452 humanae
1656 1389 1811 1449 vitae
1828 1387 1975 1449 ratio
1996 1388 2286 1450 constitit:

263 1501 425 1563 nulla
457 1519 521 1561 re
554 1501 911 1563 sollicitatus
934 1503 1133 1563 divino
1165 1503 1302 1565 nisu
1323 1519 1505 1580 super
1532 1501 1917 1564 humanarum
1935 1512 2139 1562 rerum
2166 1506 2291 1561 tur-

262 1617 370 1677 bas
403 1609 626 1680 elatus,
676 1628 828 1689 quae
860 1619 1063 1672 mente
1096 1618 1456 1689 conceperat
1486 1612 1674 1674 libere
1705 1609 2056 1672 efformavit.
2121 1607 2290 1688 Inge'-

261 1723 347 1795 nii
379 1725 764 1800 incorruptus
802 1721 1025 1783 candor
1066 1727 1128 1783 et
1158 1721 1405 1800 limpida
1443 1725 1872 1801 perspicuitas,
1926 1739 2079 1799 quae
2121 1726 2182 1781 et
2228 1722 2290 1781 in

265 1836 391 1897 eius
424 1832 663 1912 scriptis
697 1836 972 1912 apparet3
1019 1835 1233 1895 eximia
1274 1832 1614 1896 intellectus
1646 1835 1810 1894 acies
1850 1849 1971 1895 non
2001 1832 2197 1892 minus
2230 1833 2290 1890 in

264 1943 585 2008 scribendo
621 1964 799 2024 quam
826 1947 889 2009 in
922 1949 1039 2009 vita
1069 1947 1333 2027 regenda
1365 1946 1707 2026 conspicua.
1755 1942 2103 2022 Antiquitati
2125 1960 2292 2021 grae·

264 2074 371 2118 cae
402 2062 473 2124 et,
493 2074 781 2121 romanae
816 2076 998 2139 quam
1033 2064 1274 2120 nostrae
1304 2059 1482 2121 aetati
1514 2057 1744 2120 affinior
1774 2054 1826 2116 si
1855 2061 1997 2117 tunc
2026 2051 2291 2121 vixisset,

269 2173 520 2233 summis
557 2171 814 2249 ingeniis
849 2172 1354 2252 aequiparandum
1385 2172 1448 2233 in
1478 2170 1753 2233 omnibus
1775 2186 1926 2250 quae
1947 2174 2294 2246 sensu'per-

265 2282 565 2372 cipiuntur
611 2283 1018 2360 exprimendis
1069 2282 1247 2363 (quae
1296 2284 1538 2361 propria
1580 2287 1694 2343 est‘
1722 2280 2083 2359 antiquitatis
2130 2278 2292 2342 illius

264 2392 419 2472 laus)
452 2396 656 2473 vigore
691 2401 751 2457 et
788 2402 1098 2459 venustate
1131 2396 1426 2475 egregius.
1474 2394 1587 2458 Vel
1611 2396 1870 2456 uno‘suo
1899 2411 2101 2473 opere,
2131 2393 2296 2473 quod

264 2505 467 2566 Fausti
493 2505 735 2566 nomine
766 2506 1145 2575 inscribitur,
1175 2504 1681 2567 immortalitatem
1711 2507 1978 2566 meritus.
2037 2505 2294 2567 Fortuna

266 2618 532 2680 secunda
562 2635 672 2697 per
703 2624 896 2680 totam
926 2619 1106 2679 vitam
1135 2635 1283 2680 usus
1316 2622 1429 2689 est,
1458 2635 1579 2679 non
1607 2623 1674 2688 ut
1704 2616 1922 2679 divitiis
1950 2617 2292 2689 abundaret,

265 2731 374 2794 sed
419 2737 483 2794 ut
528 2750 562 2793 a
602 2736 861 2810 quaestu
891 2732 1263 2793 mercenario
1310 2730 1543 2793 solutus
1583 2731 1821 2808 genium
1861 2730 2077 2792 ducem
2120 2730 2295 2809 sequi

142 2837 145 2840 ’
266 2848 495 2921 posset.
588 2842 804 2903 Famae
836 2847 1066 2903 mature
1108 2847 1442 2903 ostentatus
1482 2848 1541 2902 et
1571 2843 1821 2920 agnitus,
1854 2841 1929 2902 ad
1969 2846 2295 2902 extremum

182 2945 190 2952 ’
267 2952 596 3013 senectutis
628 2953 905 3030 pervenit
932 2970 1055 3013 non
1085 2950 1200 3013 sibi
1233 2951 1352 3030 ipsi
1373 2958 1691 3031 'superstes
1730 2950 1842 3012 sed
1871 2967 2009 3010 cum
2040 2968 2298 3028 corpore

265 3062 462 3126 valido
493 3066 673 3126 animi
703 3066 972 3143 vigorem
1002 3064 1261 3136 retinuit,
1292 3065 1487 3127 donec
1518 3064 1792 3126 dolorum
1817 3079 2042 3142 expers.
2061 3062 2299 3142 placide

268 3175 649 3236 obdormivit.
744 3174 1027 3236 Summus
1058 3174 1159 3236 diu
1193 3175 1405 3237 artium
1438 3181 1492 3236 et
1525 3176 1796 3254 poeticae
1818 3173 2114 3236 facultatis
2147 3172 2300 3234 arbi-

265 3292 359 3347 ter
391 3285 503 3346 hac
533 3286 861 3346 novissima
892 3283 1135 3346 demum
1166 3292 1380 3363 aetate,
1417 3302 1530 3365 qua
1563 3302 1793 3347 summa
1822 3262 2091 3364 q'uaeque
2124 3284 2301 3344 atteri

270 3394 585 3465 vidimus,'
631 3397 746 3455 nec
790 3396 925 3473 ipse
975 3393 1474 3457 obtrectatoribus
1522 3397 1721 3457 caruit.
1828 3392 1949 3455 Sed
1981 3394 2094 3454 viri
2123 3393 2297 3453 huius

267 3505 665 3587 gloria'suum
697 3504 958 3566 tuebitur
988 3505 1219 3576 lumen,
1268 3512 1586 3585 postquam
1618 3504 1839 3567 oblivio
1872 3504 1970 3566 diu
2010 3503 2297 3564 obtrecta-

264 3626 461 3678 torum
497 3616 826 3678 calumnias
861 3595 1149 3679 obruerit..
1240 3615 1499 3679 Goetbio
1545 3616 1826 3678 defuncto
1872 3620 2295 3700 quaternorum

264 3737 585 3800 astrorum,
680 3748 831 3807 quae
871 3731 1214 3793 Wimariam
1240 3745 1243 3748 “
1273 3729 1422 3791 olim
1481 3729 1896 3791 collustrat-unt
1914 3775 1929 3798 ,
1976 3732 1982 3735 ’
2017 3715 2293 3789 ultimum
2334 3762 2353 3771 κ

265 3841 503 3904 occidit.
