2674 4449
1249 286 1333 351 63

292 495 538 544 mensae
571 475 712 541 dixit
742 486 930 553 aeque
957 466 1209 549 politum
1238 480 1378 528 esse
1409 461 1778 541 eundemque
1807 478 1928 524 non
1962 462 2156 526 minus
2187 461 2290 525 du-

292 613 441 657 rum.
475 586 816 655 Laudabilis
847 600 1046 647 rerum
1077 581 1364 659 scriptor3
1395 595 1516 638 non
1546 593 1734 655 aeque
1765 575 1990 647 bonus,
2023 577 2290 655 quamvis

293 710 516 772 multos
548 721 758 770 versus
790 699 1107 781 pepigerit,
1166 700 1362 775 poeta.
1455 690 1653 771 Opum
1688 690 2050 769 publicarum
2081 706 2294 769 augen-

297 822 505 885 darum
535 836 684 883 unus
718 812 979 877 omnium
998 807 1424 890 peritissimus:
1457 805 1517 867 in
1538 804 1760 867 aerario
1782 791 2295 882 enim'octingenta

295 935 686 998 Thalerorum
714 927 896 990 millia
927 928 1236 1003 congesta,
1270 918 1588 981 exercitum
1618 917 1922 983 ducenties
1954 916 2115 978 mille
2145 914 2299 976 mili-

297 1056 425 1112 tum
453 1046 528 1109 ad
555 1045 699 1109 belli
727 1060 866 1105 usus
896 1044 1166 1118 paratum
1193 1034 1447 1114 reliquit.
1536 1031 1721 1095 Multa
1751 1032 1884 1094 loca
1911 1030 2293 1093 munimentis

302 1144 509 1234 cinkit3
544 1159 752 1241 oppida
783 1165 842 1218 et
871 1155 1037 1219 vicos
1070 1170 1248 1234 quam
1276 1149 1567 1231 plurimos
1600 1145 1884 1219 condidit3
1918 1164 2088 1226 agros
2117 1164 2300 1209 nova-¹

300 1278 392 1339 les
421 1273 753 1355 proscindi,
813 1275 1103 1351 perpetuo
1135 1263 1446 1344 magnifica
1477 1269 1537 1323 et
1567 1266 1874 1323 sumtuosa
1904 1261 2168 1323 aedificia
2198 1279 2297 1322 ex-

298 1389 439 1449 strui
481 1385 684 1458 iussit3
730 1389 917 1461 atque
948 1379 1099 1440 haec
1131 1377 1327 1439 omnia
1373 1372 1556 1454 (quud
1587 1371 1728 1433 satis
1759 1371 1960 1433 mirari
1991 1368 2295 1451 nequeas),

294 1505 435 1579 post
460 1498 687 1565 bellum
711 1502 836 1555 tam
865 1491 1201 1555 diuturnum
1229 1483 1508 1566 perfecit,
1557 1490 1695 1564 post
1738 1489 1954 1546 tantam
1993 1482 2300 1545 homiuum

296 1620 585 1690 stragem,
643 1615 933 1670 terrarum
980 1604 1332 1669 vastitatem.
1425 1598 1710 1663 Borussia
1750 1604 1917 1660 antea
1948 1597 2302 1660 Germaniae

298 1746 435 1790 cum
482 1730 676 1804 esset,
737 1739 845 1802 per
874 1721 1070 1802 ipsum
1094 1719 1367 1798 Europae
1397 1733 1533 1797 pars
1572 1714 1723 1778 facta
1753 1719 1863 1775 est.
1964 1710 2301 1776 Fridericus

187 1870 193 1879 ·
296 1860 399 1904 rex
425 1848 516 1903 tot
547 1858 644 1902 res
673 1846 794 1900 tam
824 1837 1062 1916 egregie
1090 1852 1243 1897 unus
1273 1835 1485 1912 gessit,
1520 1848 1670 1911 quae
1700 1831 1796 1892 rel
1827 1829 2091 1908 singulae
2119 1827 2304 1908 pluri—

297 1957 409 2018 bus
443 1951 836 2015 sufficientem
867 1947 1089 2028 gloriae
1115 1946 1422 2008 materiem
1452 1944 1820 2023 praebiturae
1850 1947 2031 2003 erant.
2119 1942 2304 2017 Unici

301 2084 633 2149 cognomen
664 2063 909 2143 adeptus
942 2066 1066 2133 est,
1105 2061 1201 2123 eui
1229 2056 1532 2121 neminem
1561 2055 2014 2134 comparaveris.

886 2389 1390 2454 Immanuel
1433 2386 1722 2454 Kane,
1804 2430 1822 2442 .

1075 2509 1524 2583 Philosophus.

482 2650 720 2714 Kantius
753 2649 960 2732 egenis
989 2645 1332 2729 parentibus
1366 2646 1620 2726 genitus,
1655 2658 1685 2702 a
1717 2657 1904 2719 puero
1937 2639 2113 2702 nullis
2146 2646 2307 2702 extra

307 2787 374 2832 se
406 2769 776 2832 adminiculis
825 2769 1090 2839 adiutus,
1143 2766 1303 2828 leuto
1335 2779 1657 2845 progressu
1687 2759 1906 2839 ingenii
1936 2759 2093 2820 vires
2124 2756 2303 2837 expli-

306 2884 442 2945 cuit.
534 2881 930 2962 Regiomontii
961 2886 1021 2943 et
1056 2877 1286 2942 audivit
1316 2882 1376 2937 et
1407 2874 1632 2946 docuit,
1698 2883 1811 2952 qua
1857 2889 1928 2934 ex
1966 2871 2112 2933 urbe
2158 2868 2305 2931 ultra

307 2996 625 3078 septimum
673 2994 1010 3058 milliarium
1055 3010 1353 3072 nunquam
1404 3003 1683 3072 egressus
1726 2993 1833 3049 est.
1924 2986 2080 3049 Acer
2105 3003 2305 3047 rerum

304 3114 709 3189 perscrutator
735 3115 795 3169 et
824 3124 1069 3170 severus
1109 3104 1183 3168 ad
1211 3121 1414 3168 merae
1444 3101 1691 3165 rationis
1734 3116 2003 3162 normam
2042 3104 2305 3170 exactor3

212 3313 221 3316 ,
305 3233 507 3290 mente
524 3231 584 3289 et
602 3242 852 3305 corpore
884 3224 1140 3296 sobrius,
1173 3189 1349 3302 atoue
1378 3220 1453 3284 ad
1479 3218 1846 3282 ieiunitatem
1873 3233 2062 3296 usque
2093 3216 2307 3285 siccus;

305 3325 461 3402 risus
509 3354 748 3418 experS,
812 3337 974 3400 idem
1029 3343 1230 3399 tamen
1277 3331 1635 3396 circulorum
1682 3328 2038 3392 hilaritatem
2083 3344 2304 3396 amans,

305 3474 500 3536 neque
535 3437 854 3535 quisquam
872 3452 1078 3516 umndi
1105 3432 1414 3514 muliebris
1447 3447 1766 3526 elegantior
1802 3444 1917 3506 hoc
1946 3442 2305 3526 philosopho

309 3569 537 3632 arbiter.
599 3565 724 3629 Sed
750 3567 1113 3627 teneriorum
1147 3570 1208 3626 et
1236 3563 1598 3630 intimorum,
1633 3575 1784 3637 quos
1816 3557 2137 3619 humanum
2166 3573 2307 3635 pec-

309 3687 406 3743 tus
432 3682 648 3755 condit,
679 3699 963 3745 sensuum
993 3685 1293 3759 expertem
1324 3676 1494 3739 coelo
1528 3676 1694 3756 quasi
1728 3672 2030 3735 exclusum
2061 3672 2307 3735 dixeris:

309 3794 715 3875 imaginativae
772 3796 932 3858 enim
973 3793 1157 3857 animi
1198 3790 1460 3855 facultati
1502 3806 1706 3868 parum
1742 3786 1974 3860 tribuit3
2029 3788 2305 3857 musices,

310 3908 514 3989 generi
560 3908 815 3974 humano
865 3908 1129 3987 amicae,
1201 3922 1375 3978 osor3
1447 3901 1900 3965 ‘mathematicae
1956 3898 2308 3978 disciplinae

312 4041 532 4088 amans.
581 4020 653 4088 In
669 4042 929 4091 summas
958 4042 1160 4090 rerum
1186 4038 1396 4087 causas
1428 4019 1541 4083 etsi
1568 4019 1784 4083 acriori
1801 4034 1974 4098 quam
1995 4009 2307 4096 quisquam
