2674 4449
1263 302 1359 380 31¹

310 482 614 535 consulatus
659 495 794 532 anno
842 483 986 533 certo
1034 482 1259 532 constat.
1343 476 1544 531 Plinius
1594 477 1752 544 (hist.
1789 485 1895 546 nat,
1930 479 2072 536 xm.
2107 483 2190 552 5.)
2226 487 2310 542 bis

307 569 575 624 consulem
624 569 870 621 Plancum
921 572 1299 619 commemorat.
1385 566 1447 617 In
1481 565 1641 617 fastis
1679 567 1989 633 Capitolinis
2026 570 2126 624 hac
2159 581 2311 641 parte

305 658 495 709 lacuna
545 663 656 722 est3
705 656 833 708 fasti
871 655 1040 706 Siculi
1077 659 1128 705 et
1164 652 1516 705 Cassiodorus
1552 654 1771 705 alterum
1808 655 2027 710 Munatii
2062 663 2311 716 consula-

304 749 414 795 tum
450 758 583 795 auno
618 742 762 795 urbis
799 744 900 792 717
942 741 1237 806 assignant.

376 831 384 845 ⁸
448 830 608 883 Oeno.
648 829 848 881 Censor
882 829 981 879 fuit
1017 827 1325 903 cumlPaulo
1362 827 1585 878 Aemilio
1622 827 1818 894 Lepido
1856 828 1935 895 (a.
1974 849 2022 883 a.
2061 835 2154 885 Ch.
2191 835 2308 901 22).

305 919 487 971 Ultimi
542 918 710 985 adepti
756 923 879 969 sunt
916 929 1195 968 censuram
1229 913 1422 979 privati
1456 913 1694 966 homines
1716 951 1733 981 ,
1786 932 1916 985 quae
1954 919 2137 972 deinde
2172 921 2312 976 intra

307 1006 506 1057 domum
556 1004 908 1069 regnatricem
960 1000 1262 1068 permansit.
1359 1002 1458 1053 Dio
1523 1002 1681 1054 Cass.
1738 1003 1875 1068 LIV,
1930 1007 1980 1056 2.
2062 1006 2312 1076 Ἔσχαω,

307 1097 454 1148 οὗτοι
486 1089 583 1162 τὴν
616 1091 890 1159 τιμητείαν
923 1089 1127 1143 ἰδιῶται
1161 1083 1276 1151 ἅμα
1308 1090 1473 1154 ἔσχον.
1519 1090 1596 1140 De
1627 1089 1898 1158 utriusque
1932 1108 2158 1147 censura
2181 1080 2311 1148 Vel-

304 1180 440 1230 leius
474 1179 783 1230 Paterculus
820 1178 915 1242 (11,
936 1174 1082 1241 950:
1122 1176 1361 1226 Censura
1390 1176 1572 1227 Planci
1605 1183 1657 1226 et
1680 1178 1829 1228 Pauli
1866 1183 1987 1232 acta
2022 1182 2159 1233 inter
2192 1182 2308 1234 dis-

303 1267 531 1319 cordiam
566 1281 728 1332 neque
764 1265 904 1331 ipsis
942 1264 1125 1315 honori
1161 1278 1323 1331 neque
1361 1263 1679 1327 reipublicae
1716 1265 1840 1315 usui
1874 1266 1993 1332 fuit,
2014 1283 2125 1320 cum
2150 1270 2306 1321 alteri

302 1354 386 1404 vis
425 1352 699 1418 censoriS,
736 1351 895 1403 alteri
927 1351 1039 1401 vita
1075 1351 1316 1400 deesset:
1354 1348 1547 1399 Paulus
1585 1348 1670 1399 vix
1705 1358 1891 1415 posset
1925 1353 2140 1419 implere
2178 1371 2306 1408 cen-

302 1456 496 1506 sorem,
530 1441 756 1492 Plancus
790 1438 976 1489 timere
1012 1437 1239 1502 deberet,
1276 1451 1371 1487 nec
1408 1436 1682 1505 quidquam
1717 1437 1943 1490 obiicere
1973 1447 2155 1504 posset
2177 1443 2306 1494 ado-

297 1527 651 1591 lescentibuS‚
708 1528 798 1576 aut
832 1523 1140 1575 obiicientes
1177 1523 1388 1589 audire,
1444 1524 1576 1590 quod
1612 1539 1713 1575 non
1748 1533 2060 1590 agnosceret
2093 1526 2304 1581 senex.“

433 1614 567 1680 Imp.
612 1612 736 1666 iter.
827 1610 1214 1675 imperatorium
1275 1625 1455 1661 nomen
1512 1611 1727 1676 primum
1777 1613 1992 1666 obtinuit
2034 1615 2089 1667 in
2137 1617 2306 1669 Gallia

297 1699 644 1766 transalpina,
677 1713 828 1766 quam
865 1714 898 1749 a
931 1697 1071 1749 Julio
1104 1697 1334 1749 Caesare
1368 1696 1623 1749 dictatore
1661 1698 1763 1749 sibi
1802 1699 2163 1754 demandatam
2202 1707 2302 1755 ad-

298 1787 630 1849 ministravit,
667 1786 900 1853 idemque
937 1785 1119 1836 Cicero
1153 1785 1208 1837 in
1246 1784 1490 1850 epistolis
1528 1785 1578 1835 ei
1613 1785 1806 1837 tribuit.
1846 1785 2002 1853 (Epp.
2036 1790 2199 1842 famil.
2229 1791 2299 1858 X,

295 1877 346 1928 8.
382 1873 501 1939 24.)
538 1876 645 1938 Quo
683 1878 911 1938 tempore
935 1872 1166 1923 Plancus
1202 1873 1390 1924 iterum
1422 1871 1711 1937 Imperator
1747 1875 2040 1938 appellatus
2079 1877 2171 1944 sit,
2199 1893 2301 1929 non

297 1959 432 2011 satis
471 1964 694 2012 constat.
766 1957 1040 2010 Probabile
1077 1965 1186 2024 est,
1235 1959 1287 2010 id
1322 1963 1429 2010 tum
1463 1959 1711 2025 temporis
1752 1975 1876 2013 esse
1911 1963 2135 2031 factum,
2186 1981 2299 2017 cum

294 2047 575 2097 Antoniani
610 2046 870 2099 exercitus
907 2048 1110 2111 partem
1146 2050 1325 2096 contra
1360 2045 1701 2097 Octavianum
1739 2047 1982 2099 duceret²
2032 2066 2145 2102 nam
2182 2051 2297 2103 An-

294 2131 423 2182 tonii
459 2146 693 2184 nummus
728 2131 914 2182 Planci
948 2145 1130 2189 nomen
1165 2131 1344 2182 addita
1378 2135 1501 2183 nota
1534 2130 1672 2184 ῙΜΡ.
1708 2132 1892 2184 ITER..
1927 2134 2102 2189 habet.
2147 2138 2296 2191 Eck-

295 2218 383 2270 hel
418 2219 596 2271 Doctr.
631 2235 766 2272 num.
805 2215 947 2271 Tom.
984 2218 1045 2283 V,
1079 2234 1127 2284 p.
1164 2219 1282 2270 257.
1931 2243 1934 2252 π

437 2308 534 2359 VII
565 2308 653 2359 vir
689 2308 969 2374 epulonum
1016 2306 1096 2358 Ad
1131 2305 1263 2358 hanc
1299 2307 1604 2371 dignitatem
1642 2308 2021 2362 sacerdotalem
2052 2312 2293 2364 referen-

292 2396 391 2446 dus
442 2400 527 2445 est
564 2394 699 2459 gutti
735 2391 1053 2445 sacrificalis
1089 2392 1330 2457 insigne,
1379 2393 1510 2460 quod
1556 2392 1645 2443 ille
1680 2394 1892 2445 Antonii
1924 2410 2159 2448 nummus
2194 2413 2293 2448 no-

291 2481 417 2532 mini
451 2480 630 2532 Planci
667 2480 896 2534 additum
932 2478 1106 2544 habet,
1143 2477 1364 2545 itemque
1402 2480 1539 2529 alius
1561 2494 1820 2547 nummuS,
1854 2480 1910 2532 in
1938 2498 2033 2549 quo
2063 2482 2291 2536 Plancus

291 2567 595 2619 Praefectus
630 2566 776 2622 urbis
813 2565 1118 2633 appellatur.
1188 2565 1391 2622 Eokhel
1432 2566 1466 2615 l.
1503 2567 1537 2617 l.

429 2656 666 2723 fflump.
706 2670 781 2708 em
817 2654 1026 2707 Raeti&
1070 2653 1129 2708 ln
1162 2654 1320 2705 fastis
1357 2653 1668 2718 Capitolinis
1704 2671 1751 2705 a.
1773 2671 1823 2706 u.
1862 2656 1965 2707 710
1997 2656 2288 2724 triumphus

295 2744 477 2795 Planci
529 2744 593 2794 de
648 2742 853 2806 Gallis,
907 2756 1073 2808 neque
1123 2739 1185 2792 de
1238 2740 1424 2796 Raetis
1472 2740 1679 2794 habitus
1729 2743 2006 2793 memoriae
2052 2745 2288 2816 proditur

294 2833 452 2893 Quem
489 2831 689 2899 quidem
727 2830 994 2884 disensum
1029 2827 1360 2878 Drumannus
1396 2826 1472 2876 ita
1507 2827 1881 2884 conciliaturus
1918 2834 2027 2895 est,
2076 2834 2132 2880 ut
2167 2837 2285 2882 sta-

292 2920 436 2980 tuat,
481 2909 849 2982 expeditionem
898 2917 1085 2970 factam
1138 2928 1261 2963 esse
1311 2928 1344 2964 a
1375 2911 1568 2968 Planco
1606 2919 1788 2970 contra
1821 2919 2028 2980 gentem
2062 2918 2286 2987 aliquam

290 3002 531 3068 Alpinam
569 3002 633 3053 ab
668 3003 788 3056 aliis
825 3004 1204 3056 adnumeratam
1245 2999 1446 3065 Galim,
1486 3001 1548 3051 ab
1587 3001 1710 3052 aliis
1745 3017 1871 3057 vero
1908 3001 2115 3056 Raetis.
2176 3006 2285 3072 Sed

291 3089 662 3154 Schoepfliuus
698 3089 847 3144 binos
883 3090 1071 3142 Planco
1108 3088 1398 3152 triumphos
1436 3087 1633 3152 tribuit,
1672 3088 1892 3142 alterum
1928 3089 1988 3139 de
2025 3091 2197 3143 Gallis
2234 3107 2284 3142 a.

289 3193 339 3229 u.
387 3177 491 3227 'no
542 3176 795 3242 habitum,
843 3176 896 3228 in
948 3177 1047 3228 hac
1082 3175 1421 3239 inscriptione
1456 3175 1918 3240 praetermissum3
1970 3176 2186 3228 alterum
2222 3177 2284 3227 de

286 3262 474 3314 Raetis
511 3277 623 3314 cum
657 3263 862 3314 'l'iherio
900 3278 946 3312 a.
984 3279 1032 3316 u.
1071 3263 1173 3314 ¹740
1207 3265 1541 3327 reportatum.
1591 3261 1777 3316 Raetis
1814 3260 1928 3311 sine
1964 3262 2284 3327 aspiratione

289 3352 428 3403 dedit
472 3350 576 3401 iam
625 3350 744 3402 ΑΜ.
787 3350 1053 3406 Manutius
1102 3350 1155 3401 in
1202 3348 1518 3413 Ortograph.
1568 3353 1664 3400 rat.
1713 3362 1759 3399 s.
1808 3364 1859 3399 v.
1908 3348 1992 3400 ubi
2046 3351 2109 3400 ad
2145 3351 2281 3401 hanc

289 3438 623 3505 scriptionem
674 3437 1066 3490 confirmandam
1108 3436 1210 3488 hoc
1262 3434 1487 3500 elogium
1533 3434 1731 3500 affert?
1771 3434 1893 3486 item
1938 3436 2193 3487 Gruterus
2230 3442 2281 3489 et

286 3526 602 3593 schoepflin.
660 3524 796 3576 Alii:
837 3523 1037 3588 Raetia,
1074 3524 1159 3575 vel
1194 3523 1402 3576 Rhatta.

418 3613 544 3665 Aeci.
581 3609 809 3663 Saturni
841 3609 988 3676 fecit.
1060 3610 1341 3664 Suetonius
1390 3608 1599 3673 (octav,
1639 3624 1746 3675 cap.
1781 3608 1915 3675 29J:
1969 3610 2275 3679 „Principes

286 3699 428 3752 viros
466 3715 620 3767 saepe
657 3700 899 3751 hortatus
937 3701 1019 3749 est
1053 3694 1402 3761 (Augustus),
1440 3703 1496 3748 ut
1530 3712 1623 3761 pro
1648 3697 1893 3750 facultate
1918 3697 2135 3767 quisque
2160 3714 2274 3750 mo-

285 3788 537 3837 numentis
588 3787 675 3838 vel
726 3784 878 3840 novis
927 3783 1014 3834 vel
1059 3782 1274 3836 refectis
1335 3788 1387 3834 et
1437 3782 1655 3834 excultis
1713 3784 1891 3838 urbem
1941 3785 2273 3837 adornarent.

221 3888 229 3900 ‘
284 3873 540 3940 Multaque
589 3890 622 3924 a
670 3872 849 3925 multis
897 3874 1163 3924 exstructa
1212 3874 1357 3934 sunt,
1406 3868 1543 3921 sicut
1578 3906 1591 3919 .
1630 3905 1645 3921 .
1684 3903 1696 3919 .
1733 3886 1767 3921 a
1811 3871 2045 3922 Munatio
2078 3871 2272 3934 Planco

284 3958 442 4013 aedes
477 3955 740 4015 Saturni.“
789 3958 960 4014 Etiam
990 3957 1089 4011 Dio
1125 3956 1284 4010 Cass.
1323 3955 1461 4023 LIV,
1495 3957 1577 4009 18.
1611 3956 1907 4023 Augustum
1940 3956 2012 4010 iis
2048 3956 2135 4023 qui
2169 3955 2273 4007 tri-
