2674 4449
1227 262 1313 332 25

408 443 689 512 Pontifex.
756 441 907 508 Apud
942 438 1246 495 Ciceronem
1282 443 1371 515 Dr.
1405 445 1484 496 De
1522 443 1653 496 dom.
1688 459 1802 510 cap.
1836 447 1923 499 46.
1978 445 2274 515 „Tribunus

274 532 442 599 plebis
479 532 613 582 idem
652 545 776 581 esse
811 543 912 580 non
946 531 1116 595 potest
1148 529 1419 596 pontifex?
1467 531 1537 581 Μ.
1576 524 1784 583 Drusus
1820 532 1909 583 ille
1946 534 2275 587 clarissimus

274 619 378 685 vir,
412 618 653 670 tribunus
690 616 858 682 plebis
893 614 1119 682 pontifex
1152 612 1300 668 fnit.“
1327 644 1390 653 —
1411 617 1514 669 Pro
1550 616 1648 668 XV
1670 618 1758 669 vir
1787 619 1918 671 ulit.
1950 620 2111 672 iudic-
2147 623 2279 690 quod

276 705 394 756 sive
429 703 757 755 marmorarii
793 702 1296 778 sive-describentis
1333 704 1533 756 librarii
1567 705 1735 756 errori
1772 706 2002 771 debetur,
2038 707 2278 759 scriben-

277 791 397 843 dum
432 788 591 842 xvir.
658 790 886 842 Fuerunt
921 788 1075 855 enim,
1112 795 1169 841 nt
1201 790 1339 841 inter
1374 805 1552 843 omncs
1590 796 1814 858 constat,
1849 792 2133 845 decemviri
2166 793 2279 846 liti-

275 878 376 930 bus
410 877 723 942 iudicandis,
758 877 810 926 in
848 875 1071 928 consilio
1097 876 1369 928 Praetoris
1409 882 1461 929 et
1496 878 1601 944 ipsi
1638 878 2001 943 magistratus.
2035 880 2281 934 Heinccc.

278 962 452 1034 Antiq.
487 964 632 1015 Rom.
667 964 760 1030 IV,
799 965 852 1029 6,
889 966 939 1012 9.
1019 962 1261 1015 Ceterum
1293 964 1504 1017 Livium
1540 965 1767 1017 Drusum
1804 981 1964 1033 neque
2000 964 2283 1019 Tribunum

279 1050 514 1102 militum·
550 1066 713 1118 neque
762 1049 1110 1101 decemvirum
1159 1049 1337 1102 litibus
1384 1050 1678 1103 indicandis
1733 1053 1864 1118 apud
1915 1054 2076 1105 ullum
2109 1069 2285 1106 rernm

281 1137 586 1205 scriptorem
620 1143 828 1204 praeter
862 1137 997 1188 hanc
1032 1136 1427 1202 inscriptionem
1464 1145 1912 1191 commemoratum
1946 1140 2137 1206 reperi.

416 1226 514 1276 Tr.
563 1227 638 1292 pl.
687 1223 845 1275 Xvir.
892 1223 954 1275 A.
991 1224 1059 1275 D.
1095 1221 1156 1274 Δ.
1191 1225 1305 1291 lege
1342 1238 1460 1276 suc.
1547 1225 1805 1278 Tribunus
1852 1226 2022 1292 plebis
2071 1227 2290 1280 maxime

278 1314 524 1367 inclaruit
557 1311 746 1364 Livius
781 1312 990 1363 Drusus
1008 1327 1026 1376 3
1097 1310 1194 1361 sed
1230 1325 1344 1361 cum
1379 1311 1466 1363 hic
1498 1311 1681 1363 titulus
1715 1312 1845 1362 nihil
1879 1319 2086 1377 praeter
2116 1313 2288 1379 magi-

281 1406 479 1452 stratus
519 1400 581 1450 ab
621 1415 682 1450 eo
719 1404 908 1464 gestos
946 1397 1228 1462 contineat,
1268 1397 1332 1447 de
1369 1400 1477 1448 toto
1516 1397 1631 1448 eins
1667 1397 1924 1449 tribunatu
1959 1398 2058 1450 hoc
2094 1404 2318 1452 tantum.

278 1486 505 1553 additur,
543 1502 659 1537 enm
685 1472 1065 1537 Decemvirum
1089 1483 1259 1535 fuisse
1280 1483 1459 1551 aqu-ie,
1494 1482 1710 1550 dandis,
1745 1483 2110 1550 meiqnmdie.
2148 1488 2291 1549 Quae

278 1574 519 1625 tribunus
556 1572 725 1639 plebis
761 1570 849 1622 vel
884 1569 1103 1623 tentavit
1136 1570 1220 1622 vel
1258 1572 1503 1636 perfecit,
1551 1572 1689 1622 satis
1729 1571 1991 1623 commode
2024 1571 2292 1636 Zumptins

283 1659 338 1710 in
364 1660 556 1710 Annal.
591 1658 690 1710 Ed.
723 1657 791 1709 11.
827 1674 877 1724 p.
903 1661 987 1710 94.
1025 1657 1087 1708 ad
1119 1673 1236 1709 ann.
1271 1660 1391 1709 662.
1420 1673 1468 1708 n.
1491 1674 1534 1711 c.
1572 1657 1660 1709 his
1696 1657 1874 1709 verbis
1912 1657 2293 1724 complectitur:

279 1745 353 1796 M.
386 1743 574 1795 Livius
607 1745 816 1797 Drusus
853 1745 993 1796 Trib.
1031 1745 1099 1810 pl.
1136 1745 1342 1796 iuvenis
1372 1744 1565 1796 nobilis
1601 1749 1654 1796 et
1687 1745 2016 1812 ambitiosus,
2039 1744 2191 1797 novis
2211 1745 2295 1797 le-

283 1831 438 1898 gibus
486 1833 722 1883 ferendis
769 1831 1135 1898 rempublicam
1180 1831 1476 1897 perturbat,
1527 1847 1677 1899 quam
1729 1834 2035 1884 confirmare
2071 1832 2298 1884 volebat.

284 1918 621 1985 Sempronias
640 1918 815 1984 leges,
829 1918 1243 1985 frumentariam
1259 1917 1533 1985 agrariam
1546 1922 1792 1969 renovat:
1815 1918 2175 1985 iudiciariam,
2199 1934 2299 1989 qua

283 2004 489 2057 senatui
502 2005 609 2055 300
623 2004 881 2069 equitibus
902 2008 1076 2069 aucto,
1100 2003 1294 2054 iudicia
1316 2004 1571 2067 restituit,
1593 2010 1861 2072 utrumque
1882 2006 2110 2057 ordinem
2126 2006 2296 2058 offen·
2403 2050 2408 2057 ,

285 2090 388 2155 dit3
426 2088 544 2138 dum
577 2089 747 2154 legem
785 2089 848 2141 de
885 2089 1093 2143 civitate
1131 2090 1298 2142 sociis
1326 2090 1492 2142 danda
1528 2090 1648 2156 fert,
1686 2089 1961 2142 occiditur.
1999 2091 2188 2144 Statim
2212 2092 2298 2142 le-

287 2190 387 2242 ges
423 2174 611 2227 Liviae
648 2173 1016 2242 abrogantnr.“
1086 2178 1163 2229 De
1202 2175 1409 2243 legibus
1448 2175 1684 2244 agrariis
1718 2176 1862 2231 Livii
1897 2176 2081 2246 Drusi,
2117 2178 2299 2249 quibus

287 2263 408 2328 agri
444 2262 665 2316 coloniis
695 2264 1011 2317 deducendis
1038 2264 1175 2332 plebi
1205 2264 1477 2329 dabantur,
1496 2279 1670 2315 rerum
1698 2264 1990 2328 scriptores
2009 2267 2163 2331 plura
2183 2271 2300 2318 tra-

285 2351 445 2416 dunt3
485 2350 839 2402 decemvirum
877 2353 1092 2402 eundem
1132 2354 1194 2401 A.
1229 2351 1295 2401 D.
1330 2352 1394 2400 A.
1431 2365 1684 2417 nusquam
1721 2355 2053 2403 memoratum
2091 2353 2301 2417 inven13

284 2452 452 2504 neque
488 2443 662 2488 tamen
698 2443 884 2489 contra
909 2437 1068 2501 elogii
1092 2436 1242 2486 fidem
1264 2435 1380 2486 iude
1405 2434 1755 2501 suspicionem
1777 2437 2043 2489 moverim.
2083 2438 2304 2504 Appian.

285 2524 364 2575 De
401 2522 522 2573 bell.
560 2522 664 2575 οἰν.
690 2523 733 2590 1,
770 2524 858 2576 35.
892 2520 986 2577 τὸν
1019 2526 1250 2594 δῆμον..
1285 2529 1745 2595 προθεραπαινων
1777 2521 2003 2593 ἐπήγετο
2037 2521 2304 2584 ἀποικίαις

287 2611 508 2670 πολλαῖς
540 2609 589 2670 ἐς
625 2630 681 2663 τε
716 2607 815 2679 τὴν
850 2610 1070 2664 Ιταλίαν
1105 2612 1193 2663 καὶ
1210 2612 1454 2665 Σικελίαν
1486 2610 1853 2679 ἐψηφισμέναις
1887 2613 1980 2673 μὲν
2012 2611 2064 2664 ἐκ
2085 2614 2304 2675 πολλοῦ,

285 2696 576 2764 γεγονυίαις
610 2699 665 2751 δὲ
702 2695 866 2751 οὔπω.
904 2697 1196 2765 Ibidemque
1235 2709 1348 2763 cap.
1384 2700 1469 2748 36.
1519 2699 1587 2751 Οἱ
1618 2694 2006 2751 Ἰταλιῶται...
2063 2699 2187 2769 περὶ
2233 2691 2306 2766 τῷ

284 2781 423 2855 νόμῳ
460 2787 553 2856 τῆς
587 2781 835 2846 ἀποικίας
869 2785 1219 2849 ἐδεδοίκεσαν,
1265 2782 1328 2845 ὧς
1363 2787 1458 2855 τῆς
1491 2785 1741 2853 δημοσίας
1776 2786 2035 2849 Ρωμαίων
2078 2788 2171 2854 γῆς
2212 2783 2306 2854 (ἦν

287 2866 545 2938 ἀνέμητον
582 2870 744 2926 οὖσαν
779 2875 854 2927 ἔτι
890 2872 941 2926 οἱ
961 2874 1055 2936 μὲν
1077 2871 1249 2937 ἔκβίας
1264 2911 1281 2935 ,
1317 2871 1369 2926 οἱ
1401 2873 1455 2926 δὲ
1482 2869 1836 2932 λανθάνοντες
1862 2868 2174 2944 ἐγεώργουν)
2202 2868 2307 2925 αὖ·

291 2957 412 3011 τίκα
438 2955 574 3019 σφῶν
601 2956 873 3032 ἀφαιρεθη
901 2960 1133 3029 σομένης,
1160 2961 1248 3013 καὶ
1267 2956 1443 3013 πολλοὶ
1462 2959 1586 3027 περὶ
1609 2961 1700 3029 τῆς
1724 2958 1860 3019 ἰδίας
1878 2960 2063 3028 ἔνοχλη
2087 2961 2306 3023 σομένοι.

298 3048 476 3115 Τυρρη
497 3046 579 3098 νοί
611 3066 665 3099 τε
701 3049 789 3100 καὶ
820 3045 1098 3120 Ὀμβρικοὶ
1130 3043 1302 3101 ταῦτά
1340 3047 1686 3111 δειμαίνοντες
1720 3050 1830 3105 τοῖς
1859 3044 2168 3107 Ιταλιῶταις
2206 3052 2305 3098 etc.

295 3133 535 3185 Ceterum
570 3132 748 3198 plures
786 3135 937 3199 leges
977 3134 1224 3199 agrarias
1260 3134 1451 3185 Livias
1487 3133 1667 3185 fuisse
1703 3135 1767 3184 ab
1803 3134 1920 3200 ipso
1955 3134 2144 3201 partim
2163 3133 2305 3185 latas

293 3219 481 3287 partim
529 3219 670 3270 alliis
723 3220 1022 3272 auctoribus
1072 3226 1353 3274 renovatas
1407 3224 1618 3287 praeter
1669 3220 1895 3287 Appiani
1944 3221 2113 3271 locum
2151 3220 2306 3272 etiam

292 3306 546 3359 Aurelius
598 3305 780 3359 Victor
833 3307 1013 3373 arguit
1065 3307 1195 3373 (vir.
1248 3308 1448 3359 illustr.
1499 3323 1543 3361 c.
1582 3312 1668 3360 66.
1719 3307 1818 3374 9.),
1854 3307 1941 3375 qni
1976 3308 2130 3373 leges
2164 3307 2308 3360 Livii

297 3383 538 3460 agrarias
574 3392 767 3459 plurali
804 3409 1012 3446 numero
1050 3400 1427 3447 commemorat.
1466 3400 1517 3445 et
1549 3395 1682 3447 haec
1716 3393 1991 3460 inscriptio
2020 3393 2308 3460 significat,

202 3491 209 3498 ·
295 3496 429 3552 quae
477 3480 626 3532 addit
671 3482 853 3533 eodem
904 3482 1200 3535 tribunatus
1253 3482 1340 3534 sni
1376 3496 1506 3533 anno
1541 3481 1748 3533 Livium
1780 3482 2011 3534 Drusum
2047 3481 2170 3533 item
2210 3481 2307 3532 de-

298 3568 578 3621 cemvirum
615 3584 665 3619 a.
705 3568 753 3620 d.
790 3584 838 3619 a.
875 3570 1062 3621 factum
1100 3585 1226 3622 esse
1259 3570 1380 3635 lege
1417 3565 1684 3635 Saufelia.
1755 3567 1823 3619 Ut
1858 3568 1992 3619 enim
2028 3568 2128 3619 hoc
2163 3568 2304 3633 legis

300 3671 481 3706 nomeu
517 3661 812 3722 corruptum
858 3661 963 3722 est,
997 3655 1071 3707 ita
1105 3656 1248 3721 legis
1284 3655 1536 3721 agrariae
1571 3670 1753 3706 nomen
1791 3655 1971 3706 eodem
2004 3654 2173 3706 latere
2212 3670 2306 3707 co-

302 3741 565 3807 gitandum
602 3749 688 3795 est
723 3759 757 3794 a
788 3742 942 3794 Livio
960 3742 1134 3795 Druso
1169 3746 1472 3794 renovatae.
1508 3739 1774 3808 Rupertns
1801 3741 2010 3795 coniicit
2036 3741 2305 3805 Servilia,-

302 3828 472 3892 maleg
502 3845 617 3881 nam
652 3831 736 3882 lex
772 3829 1008 3884 Servilia
1042 3830 1263 3894 agraria
1298 3847 1332 3881 a
1367 3828 1601 3881 Servilio
1626 3827 1782 3880 Rullo
1817 3829 1943 3894 lata,
1980 3844 2144 3898 neque
2179 3843 2304 3892 per-

196 3941 201 3950 *
302 3917 415 3969 lata
456 3915 518 3967 in
568 3921 768 3985 tempus
805 3916 1072 3985 posterius
1108 3915 1291 3970 incidit
1325 3915 1581 3969 Cicerone
1618 3914 1880 3989 Consule,
1928 3915 2037 3967 alia
2070 3914 2303 3967 eiusdem
