2674 4449
1306 258 1397 325 6ss

331 435 550 514 coepit.
642 433 913 513 scriptor
956 448 1236 512 pressus,
1268 433 1591 511 sententiis
1626 435 1838 496 creber
1878 434 2200 514 legentium
2230 437 2357 521 ani-

329 562 464 608 mos
500 553 721 619 movet,
757 544 992 616 attollit,
1025 550 1087 607 ut
1117 545 1295 607 rebus
1327 547 1515 625 gestis
1548 563 1695 625 quas
1726 545 2013 613 describit
2042 549 2354 626 ipsi·nobis

326 655 628 718 interesse
679 652 1017 725 videamur,
1079 655 1331 734 eiusque
1365 657 1613 735 artificio
1651 660 1968 736 praeterita
1997 657 2159 720 velut
2187 675 2355 737 prae-

329 766 521 828 sentia
558 767 909 829 intueamur.
1002 765 1310 830 Helvetiae
1348 765 1642 839 Historia,
1695 786 1874 847 quam
1905 788 2023 845 non
2067 768 2142 829 ad
2171 768 2355 829 finem

325 874 674 957 perductam
706 875 975 938 dolemus
1009 883 1073 938 et
1100 876 1301 938 brevis
1321 877 1634 940 universae
1663 878 1954 942 historiae
1984 879 2354 971 adumbratio

325 984 845 1067 praestantissima
880 986 1011 1049 eius
1041 1003 1224 1066 opera
1253 987 1564 1051 habentur.
1614 987 2137 1053 Monumentorum
2167 988 2355 1052 fidem

325 1080 599 1160 accurate
651 1114 1018 1176 cognoscere
1064 1097 1141 1159 ad
1186 1116 1285 1161 res
1324 1099 1677 1163 scribendas
1717 1103 1892 1180 plane
1940 1104 2350 1166 necessarium

324 1212 506 1287 ratus,
526 1211 647 1270 tam
666 1205 889 1286 largam
910 1206 1375 1287 diligentissimo
1397 1210 1594 1272 studio
1614 1212 1924 1292 materiam
1945 1219 2349 1293 congesserat,

325 1320 421 1382 cui
452 1319 624 1382 unius
652 1318 913 1382 hominis
946 1337 1157 1383 aevum
1187 1320 1582 1391 elaborandae
1615 1325 1709 1386 vix
1741 1325 2063 1389 suffecerit.
2158 1328 2352 1407 Popu-

323 1429 447 1493 lare
479 1432 568 1492 rei
606 1431 882 1511 publicae
915 1451 1103 1512 genus
1123 1477 1138 1505 ,
1174 1434 1350 1513 quale
1381 1434 1769 1501 Helvetorum
1800 1446 1924 1511 est,
1970 1441 2087 1503 etsi
2120 1441 2350 1504 adama-

323 1544 432 1615 vit,
483 1549 681 1606 tamen
723 1543 948 1624 antiqui
993 1563 1292 1627 quemque
1339 1549 1622 1628 populum
1651 1554 1739 1613 rei
1780 1550 2053 1632 publicae
2097 1559 2350 1617 statusa

322 1656 647 1720 maioribus
680 1657 912 1736 accepti
944 1664 1216 1722 tenacem
1247 1679 1390 1724 esse
1418 1661 1643 1726 debere
1672 1669 1932 1739 censuit3
1965 1667 2074 1729 sed
2091 1668 2352 1730 eundem

322 1767 517 1831 semel
546 1767 808 1833 funditus
842 1788 1119 1835 eversum
1151 1774 1447 1853 integrum
1475 1778 1709 1838 restitui
1739 1796 1925 1857 posse
1955 1781 2208 1857 negavit.
2257 1779 2347 1842 Iu-

320 1879 405 1942 ris
451 1878 700 1959 legitimi
745 1887 1020 1944 strenuus
1068 1890 1364 1953 assertor,
1429 1890 1637 1949 contra
1674 1887 1849 1949 unius
1883 1888 2351 1952 dominationem

319 1991 660 2059 universum
693 1992 906 2055 orbem
938 1999 1225 2057 terrarum
1257 2012 1443 2076 regno
1466 1996 1817 2072 affectantis,
1851 2001 1998 2063 nihil
2017 2020 2349 2082 generosae

321 2100 542 2166 indolis
574 2105 634 2165 in
669 2106 783 2167 vita
814 2106 1248 2184 relinquentem
1276 2107 1493 2183 libere,
1535 2114 1802 2175 animose
1844 2120 2019 2193 atque
2055 2122 2121 2176 ut
2151 2114 2349 2187 homi<

319 2229 459 2278 nem
494 2212 670 2277 decet
701 2213 1086 2281 christianum
1121 2221 1479 2284 sententiam
1509 2221 1671 2287 dixit.
1729 2227 1863 2288 Deo
1894 2227 2031 2289 duci
2063 2229 2345 2298 confisus,

318 2324 580 2388 humano
612 2326 819 2405 generi
839 2329 1084 2401 amicus,
1116 2332 1373 2411 ingenua
1395 2334 1779 2415 simplicitate
1802 2344 1864 2400 et
1884 2339 2143 2401 candore
2164 2341 2347 2403 animi

318 2434 498 2515 degit.
588 2436 719 2500 Etsi
750 2438 928 2503 rebus
959 2441 1204 2519 agendis
1233 2450 1441 2507 natura
1469 2446 1668 2510 minus
1699 2454 1902 2528 aptus,
1947 2467 2198 2513 munera
2227 2449 2347 2513 sibi

315 2561 348 2605 a
376 2543 643 2624 pluribus
674 2544 1022 2613 demandata
1049 2557 1423 2629 postremum
1456 2558 1517 2616 in
1535 2557 1904 2637 Westphalia
1917 2562 2107 2639 gessit
2130 2578 2200 2622 ex
2225 2561 2342 2622 Na-

316 2656 595 2737 poleouis
616 2655 1003 2739 Imperatoris
1021 2663 1209 2734 iussu,
1244 2668 1348 2744 qui
1370 2669 1615 2746 quidem
1634 2677 1696 2732 et
1716 2671 1775 2732 in
1794 2672 2023 2736 Joanne
2042 2673 2338 2738 Muellero

316 2767 742 2848 comprobavit,
775 2776 1144 2851 quantopere
1162 2774 1475 2840 bominum
1494 2782 1729 2843 animos
1759 2785 1823 2844 in
1849 2790 2089 2864 tempus
2122 2802 2358 2863 capere.

316 2884 495 2962 atque
524 2878 676 2943 adeo
697 2884 870 2959 quasi
888 2882 1389 2954 incantationibus
1422 2891 1718 2956 devovere
1750 2896 2014 2959 valuerit.
2054 2895 2335 2959 Honores

311 2990 374 3050 in
405 3005 589 3068 regno
620 2990 1029 3070 Westphalico
1062 2995 1178 3058 sibi
1210 2997 1446 3062 oblatos
1478 3020 1674 3082 neque
1704 3005 2093 3069 laetabundus
2129 3025 2337 3072 susce-

310 3100 400 3178 pit
430 3080 492 3162 et
518 3117 657 3163 mox
692 3119 830 3164 cum
860 3120 1107 3166 munere
1137 3107 1469 3174 studiorum
1497 3115 1901 3194 regundorum
1931 3123 2336 3191 commutavit,

309 3211 371 3272 in
404 3228 522 3290 quo
551 3210 737 3274 multa
767 3213 978 3276 damna
1009 3217 1337 3295 ingruentia
1368 3224 1603 3303 repulit.
1674 3228 1831 3290 Dum
1860 3229 1955 3291 bis
1987 3233 2333 3294 muneribus

311 3320 435 3382 otio
482 3321 577 3383 cui
623 3327 799 3385 natus
838 3330 901 3387 et
931 3324 1250 3391 innutritus
1281 3338 1479 3404 esset,
1542 3335 1696 3413 eripi
1743 3355 1813 3399 se
1857 3342 2034 3411 sinit,
2096 3343 2337 3403 etiamsi

308 3448 576 3496 amorem
608 3433 962 3501 Germaniae
993 3443 1326 3505 communis
1358 3447 1583 3523 patriae
1610 3460 1910 3524 servaret,
1957 3461 2155 3515 tamen
2191 3454 2335 3514 sini·

306 3546 451 3607 stris
481 3546 859 3626 popularium
887 3556 1264 3618 sermonibus
1296 3557 1588 3622 obnoxius
1627 3565 1802 3624 unius
1831 3565 2073 3646 infausti
2099 3572 2334 3644 tempo-
2365 3596 2386 3602 ἢ

306 3655 392 3718 ris
423 3662 746 3732 momenti,
792 3680 912 3743 quo
941 3666 1105 3729 hosti
1131 3670 1347 3731 victori
1377 3675 1591 3744 cessit,
1635 3692 1845 3755 graves
1888 3698 2116 3758 poenas
2159 3681 2332 3744 dedit

306 3774 369 3831 et
396 3771 766 3850 aegritudine
806 3777 1122 3843 coniectus
1156 3781 1470 3847 immatura
1509 3794 1704 3850 morte
1735 3790 2029 3853 oecubuit.
2122 3792 2331 3865 Qualis
