2674 4449
1340 299 1426 367 58

391 493 569 568 gerat,
599 502 631 547 a
650 483 862 566 gentile
894 501 1004 545 suo
1025 484 1204 544 armis
1223 479 1550 543 vindicavit.
1587 477 1862 542 Animum
1877 476 2113 557 imperii
2124 478 2391 556 ,augendi

393 597 668 678 cupidum
726 598 986 677 quamvis
1049 589 1444 658 obluctantem
1502 593 1812 663 continuit,
1886 591 2142 651 terrenis
2207 590 2389 651 bonis

392 710 675 772 coelestia
724 711 1165 791 anteponend03
1226 729 1334 791 pro
1370 716 1455 771 tot
1498 707 1743 787 opibus,
1804 721 1949 784 quas
1982 700 2055 764 ad
2085 700 2390 764 Austriam

390 821 739 886 servandam
771 823 1111 896 contulerat,
1144 823 1289 886 nihil
1318 821 1585 885 vicissim
1611 821 1726 880 nisi
1755 817 1967 881 avitam
1995 816 2208 877 domus
2240 832 2392 877 suae

389 937 793 1010 hereditatem,
816 939 1223 1019 (Palatinatum
1244 939 1616 1019 superiorem
1635 940 1693 996 et
1711 930 2001 995 Electoris
2021 924 2391 1009 dignitatem)

390 1056 764 1113 consecutus.
858 1050 1033 1124 Quod
1077 1051 1369 1114 catholica
1413 1051 1475 1111 in
1508 1045 1825 1111 Germania
1859 1043 2066 1124 religio
2100 1041 2391 1103 exstincta
2479 1110 2484 1115 ,

389 1182 507 1225 non
540 1170 660 1235 est,
694 1166 811 1243 ipsi
841 1166 1114 1235 debetur,
1148 1182 1297 1245 quac
1327 1161 1569 1244 quidem
1597 1160 1806 1239 religio
1843 1165 1908 1221 ut
1938 1158 2008 1219 ab
2041 1173 2113 1218 eo
2143 1161 2389 1218 strenue

390 1274 634 1339 defensa
663 1285 784 1350 est,
846 1281 923 1340 ita
951 1284 1136 1341 totam
1168 1279 1296 1342 eius
1328 1280 1506 1341 vitam
1536 1293 1766 1339 morum
1808 1273 2116 1337 sanctitate
2147 1269 2387 1350 conspi-

391 1408 557 1452 cuam
591 1409 709 1452 non
739 1391 952 1453 leviter
979 1390 1237 1472 perfudit
1268 1392 1377 1454 sed
1405 1391 1580 1472 plane
1606 1386 1825 1450 infecit.
1875 1383 2164 1448 Foederis
2190 1384 2379 1446 catho-

387 1507 488 1567 lici
524 1514 713 1586 caput,
747 1513 879 1568 ante
910 1506 1067 1568 Tillii
1100 1505 1330 1569 cladem
1363 1504 1456 1567 vel
1489 1502 1850 1584 Imperatore
1880 1501 2213 1579 potentior;
2261 1517 2383 1560 om·
2419 1566 2440 1577 ,

388 1621 549 1683 nium
580 1638 648 1682 ea
681 1628 872 1683 aetate
902 1623 1234 1702 principum
1254 1620 1418 1683 solus
1438 1620 1700 1699 regimen
1718 1617 1951 1697 imperii
1970 1633 2077 1696 per
2095 1617 2391 1696 integrum

388 1732 530 1794 belli
561 1731 901 1794 tricennalis
939 1725 1175 1813 tempus
1208 1730 1593 1801 continuavit,
1655 1749 1762 1810 per
1806 1729 2219 1809 quinquaginta
2251 1734 2392 1789 octo
2469 1720 2474 1733 '

390 1864 575 1908 annos
619 1863 652 1907 a
693 1864 758 1908 se
803 1851 1050 1926 gestum.
1142 1845 1370 1909 Nullius
1413 1861 1671 1922 unquam
1714 1842 1999 1922 principis
2042 1842 2101 1902 in
2143 1832 2393 1903 Bavaria

391 1958 707 2038 imperium
739 1976 874 2020 cum
902 1965 1059 2021 tanta
1091 1958 1352 2021 clar-itate
1383 1965 1504 2018 tam
1536 1955 1875 2019 diuturnum
1905 1955 2028 2018 fuit.

1064 2318 1069 2322 ·
1121 2285 1651 2356 Ludovicus„

1032 2404 1333 2466 Mai-chio
1391 2403 1727 2466 Eudemia.

564 2560 957 2634 Ludovicus,
1006 2554 1308 2625 Marchio,
1357 2575 1569 2619 munus
1611 2557 1671 2618 in
1711 2574 1941 2618 summo
1975 2558 2207 2636 imperii
2248 2557 2397 2619 Ger-

390 2668 604 2730 manici
635 2666 853 2730 iudicio
884 2668 999 2727 sibi
1031 2666 1227 2730 iuveni
1261 2666 1372 2728 sed
1402 2645 1521 2730 i‘am
1553 2668 1904 2731 clarescenti
1926 2666 2190 2731 oblatum
2220 2687 2398 2749 repu-

268 2849 279 2856 „
391 2782 591 2844 dians:
630 2777 837 2850 miles,
869 2779 1088 2860 inquit,
1122 2797 1288 2853 sum;
1334 2779 1507 2841 miles
1539 2798 1661 2842 ero.
1724 2779 1949 2843 Acvum
1978 2778 2154 2842 bellis
2190 2787 2398 2843 contra

391 2893 622 2964 Gallos,
661 2892 883 2954 Turcas
915 2895 1098 2972 gestis
1129 2894 1444 2973 transegit,
1476 2901 1539 2957 ut
1571 2894 1632 2956 in
1663 2914 1864 2958 curam
1894 2897 2177 2974 regionis,
2219 2877 2400 2975 quam

391 3024 498 3068 sua
529 3004 753 3067 ditione
782 3005 997 3077 tenuit,
1034 3024 1066 3068 a
1098 3005 1281 3067 Gallis
1314 3013 1573 3069 vastatae
1602 3026 1813 3087 parum
1842 3010 2122 3087 temporis
2155 3007 2267 3069 sibi
2299 3026 2396 3068 re-

390 3122 783 3199 linqueretur:
839 3135 974 3179 nam
1015 3116 1168 3180 Galli
1208 3121 1368 3180 omni
1416 3119 1774 3181 humanitate
1819 3128 1985 3206 exuta
2018 3120 2092 3182 ad
2125 3126 2399 3183 trecenta

341 3322 346 3328 .
391 3233 609 3314 oppida
659 3241 719 3295 et
773 3235 935 3295 vicos
995 3239 1236 3313 utraque
1285 3234 1476 3296 Rheni
1527 3236 1654 3315 ripa
1700 3235 1979 3297 incendio
2030 3234 2395 3328 deleverant.

389 3349 724 3414 Ludovicus
761 3351 823 3414 in
853 3352 1095 3414 victoria
1142 3349 1432 3413 Granensi
1477 3350 1737 3413 medium
1782 3370 1989 3431 agmen
2031 3351 2219 3425 duxit;
2275 3353 2398 3415 Bu-

390 3465 542 3534 dam,
575 3481 725 3543 quae
762 3464 904 3524 urbs
937 3481 1043 3542 per
1077 3472 1313 3525 centum
1336 3466 1754 3544 quinquaginta
1775 3453 2007 3545 septem
2039 3483 2224 3527 annos
2245 3464 2397 3527 Tur-

391 3598 591 3641 carum
622 3580 819 3658 iugum
851 3578 1142 3650 subierat,
1178 3580 1477 3659 antiquum
1508 3580 1835 3659 Hungariae
1869 3561 2060 3659 caput,
2099 3599 2400 3661 expugna-

387 3694 499 3762 vit3
533 3711 714 3753 novas
747 3694 806 3753 in
841 3695 1048 3772 quovis
1070 3692 1312 3772 praelio,
1349 3696 1549 3772 quavis
1572 3693 1885 3756 obsidione
1904 3694 2132 3756 laureas
2155 3695 2396 3756 meruit.

389 3804 529 3868 Mox
559 3807 840 3867 exercitui
872 3804 947 3866 ob
969 3803 1277 3868 Gallorum
1308 3806 1370 3866 in
1388 3805 1764 3870 Germaniam
1793 3807 2178 3888 irruptionem
2209 3805 2399 3868 demi-

389 3927 530 3981 nuto
564 3938 827 3982 summus
862 3921 974 3983 dux
1005 3924 1384 4003 praepositus
1414 3921 1487 3984 ad
1519 3922 1906 3985 Salencamen
1937 3921 2398 3985 haereditarium

393 4032 862 4098 Christianorum
893 4035 1131 4096 hostem
1160 4036 1392 4113 proelio
1425 4036 1667 4107 devicit,
1720 4036 1781 4098 in
1828 4053 1945 4117 quo
1977 4035 2135 4099 haud
2177 4038 2398 4126 minori
