2674 4449
1380 303 1461 370 18

422 495 513 535 res
564 478 684 536 inde
730 485 912 548 gestas
959 479 1278 549 gloriamque
1323 480 1588 545 insignem
1637 480 1784 532 ducis
1838 484 1891 532 et
1926 486 2175 547 augentes
2208 481 2410 537 titulum

422 567 672 634 imaginis
706 573 980 636 posteros,
1017 572 1075 619 ut
1106 568 1345 620 Dictator
1378 568 1736 620 Prodictatore
1773 566 2050 634 diceretur,
2084 567 2238 620 facile
2274 570 2410 622 obti-

421 650 654 707 nuisse.“
722 658 796 707 De
832 657 999 722 prima
1033 655 1181 707 Fabii
1218 655 1491 706 Dictatura
1525 659 1803 707 memoratu
1839 653 2080 722 dignum,
2119 656 2251 724 quod
2281 658 2410 709 Plu-

417 741 632 795 tarchus
666 743 721 793 in
754 743 878 795 Fal».
913 743 1050 794 Max.
1088 759 1135 794 c.
1168 744 1219 792 3.
1255 741 1470 793 Fabium
1505 741 1808 794 dictatorem
1844 758 1877 791 a
1912 748 2097 794 senatu
2133 744 2408 811 petivisse,

418 837 475 882 ut
525 847 651 899 equo
706 831 808 882 sibi
861 831 913 881 in
967 831 1195 883 exercitu
1234 828 1360 880 vehi
1404 829 1625 894 liceret3
1680 845 1796 880 nam
1831 829 1894 879 ad
1929 845 2042 880 eum
2079 831 2210 882 diem
2248 848 2409 899 usque

417 919 539 987 lage
559 920 774 988 quadam
805 917 1017 985 antiqua
1032 917 1350 979 Dictatorem
1371 916 1424 968 in
1444 917 1670 969 exercitu
1695 932 1821 984 equo
1846 917 1969 967 vehi
1988 918 2201 970 vetitum
2221 918 2408 970 fuisse.

556 1005 680 1057 000.
719 1004 773 1055 V.
829 1004 1106 1072 Quinquies
1140 1004 1405 1055 consulem
1439 1003 1609 1054 fuisse
1647 1004 1802 1055 etiam
1833 1003 2151 1056 Plutarchus
2180 1001 2262 1069 (in
2280 1006 2407 1056 Fal».

419 1108 464 1146 c.
494 1089 575 1156 2.)
609 1092 786 1158 tradit,
822 1091 1113 1144 Secundum
1147 1090 1342 1143 Fastos
1379 1090 1698 1156 Capitolinos
1751 1089 1903 1156 (pag.
1936 1092 2021 1142 3⁸7.
2055 1089 2173 1155 38.)
2213 1093 2408 1147 Consul

414 1180 630 1246 primum
683 1183 794 1231 erat
836 1195 881 1229 a.
918 1194 966 1230 u.
1002 1191 1048 1229 c.
1084 1178 1205 1229 52⁰.
1226 1195 1243 1242 3
1291 1177 1477 1228 iterum
1511 1178 1644 1244 5253
1697 1178 1903 1229 tertium
1938 1176 2236 1246 (postquam
2271 1179 2408 1230 inter

416 1266 637 1325 alterum
684 1271 735 1321 et
778 1265 912 1327 hunc
953 1264 1156 1325 tertium
1193 1263 1516 1315 consulatum
1547 1264 1631 1314 bis
1669 1264 1904 1318 Dictator
1936 1263 2063 1328 fuit]
2098 1267 2201 1316 538
2236 1264 2405 1316 conti-

412 1368 514 1404 nuo
557 1356 676 1423 post
721 1352 1042 1403 Cannensem
1073 1350 1298 1417 cladem,
1354 1350 1603 1403 suffectus
1640 1350 1691 1401 in
1729 1352 1895 1402 locum
1930 1351 2135 1403 Claudii
2169 1351 2403 1402 Marcelli

411 1438 540 1490 vitio
590 1439 752 1490 creati
799 1437 943 1502 (Liv.
980 1436 1174 1502 xxm,
1209 1434 1360 1503 3133
1417 1444 1652 1505 quartum
1701 1441 1803 1489 539
1852 1454 1965 1489 cum
2002 1437 2220 1490 Claudio
2255 1439 2403 1490 Mar—

413 1527 573 1592 cello;
609 1527 835 1594 quintum
869 1523 989 1578 544.
1030 1552 1090 1562 —
1119 1524 1332 1576 Censor
1366 1525 1562 1576 Fabius
1598 1526 1851 1577 Maximus
1886 1525 1937 1576 iu
1972 1526 2151 1577 Fastis
2189 1525 2398 1591 Capito-

409 1614 536 1666 linis
582 1629 712 1666 anno
767 1628 816 1663 u.
871 1629 913 1664 c.
942 1613 1070 1676 „523
1106 1626 1218 1662 cum
1255 1612 1558 1677 Sempronio
1594 1612 1845 1663 'l'uditano
1882 1613 2215 1678 assignatur,
2267 1613 2401 1663 inter

410 1702 626 1768 primum
663 1700 824 1766 igitur
859 1699 973 1750 eius
1011 1703 1063 1748 et
1088 1697 1367 1751 secundum
1394 1698 1732 1750 consulatum.
1768 1699 1846 1749 De
1875 1699 1975 1751 hac
2008 1701 2122 1750 eius
2154 1713 2398 1765 censura,

342 1852 346 1859 .
412 1793 467 1840 ut
518 1788 580 1839 de
631 1786 1025 1853 magistratibus
1075 1784 1160 1852 qui
1210 1785 1435 1851 proxime
1480 1785 1748 1836 memorati
1783 1782 2189 1853 subsequuntur,
2225 1785 2401 1837 Inter-

408 1874 556 1940 regis
578 1910 596 1943 ,
647 1873 852 1926 Aedilis
889 1873 1086 1926 curulis
1108 1909 1124 1939 ,
1177 1873 1486 1934 Quaestoris
1505 1909 1521 1939 ,
1573 1872 1785 1924 Tribuni
1819 1873 2032 1924 militum
2052 1908 2068 1938 ,
2103 1871 2231 1923 nihil
2270 1873 2401 1938 apud

407 1975 582 2012 rerum
617 1959 904 2025 scriptores
936 1958 1186 2011 traditum
1220 1959 1581 2023 comperimus.
1641 1984 1702 1996 —
1742 1957 2001 2023 Pontifex
2037 1965 2244 2010 creatus
2281 1964 2402 2022 post

411 2047 610 2101 cladem
646 2047 970 2101 Cannensem
1003 2045 1193 2101 Livius
1226 2044 1438 2112 xxm,
1472 2047 1557 2095 21.
1628 2045 1796 2113 „Tres
1832 2044 2099 2110 pontifices
2136 2042 2300 2094 creati
2336 2046 2397 2105 Q.

411 2133 674 2185 Caecilius
710 2132 975 2198 Metellus,
1013 2135 1067 2181 et
1100 2133 1160 2192 Q.
1198 2131 1396 2181 Fabius
1430 2131 1687 2181 Maximus
1725 2136 1777 2181 et
1811 2133 1868 2192 Q.
1897 2130 2115 2181 Fulvius
2141 2130 2397 2188 Flaccus·

398 2218 460 2272 in
511 2219 678 2271 locum
729 2216 989 2272 Scantinii
1025 2215 1313 2281 demortui,
1352 2219 1405 2266 et
1436 2217 1498 2280 L.
1534 2215 1741 2267 Aemilii
1779 2216 1929 2268 Pauli
1965 2216 2212 2269 Consulis
2250 2220 2301 2267 et
2335 2219 2395 2279 Q.

403 2314 544 2366 Aelii
596 2312 777 2376 Paeti,
832 2312 915 2382 qui
959 2311 1258 2364 ceciderant
1291 2326 1464 2377 pugna
1498 2310 1773 2364 Cannensi.
1823 2336 1874 2346 —
1914 2309 2116 2378 Augur.
2150 2311 2396 2363 Valerius

403 2401 652 2453 Maximus
687 2399 826 2465 vm,
864 2399 960 2464 13,
997 2400 1048 2450 3.
1133 2401 1225 2465 „Q.
1275 2398 1474 2450 Fabius
1515 2397 1769 2448 Maximus
1806 2398 2003 2449 duobus
2041 2403 2093 2450 et
2126 2397 2399 2462 sexaginta

403 2487 557 2539 annis
609 2490 897 2551 auguratus
956 2485 1304 2538 sacerdotium
1367 2484 1649 2551 sustinuit,
1709 2486 1926 2538 robusta
1975 2486 2078 2537 iam
2125 2489 2295 2537 aetate
2336 2484 2397 2535 id

401 2575 642 2639 adeptus3
680 2588 807 2642 quae
840 2577 1053 2638 utraque
1087 2575 1316 2637 tempora
1351 2572 1401 2623 si
1437 2572 1489 2622 iu
1522 2586 1674 2630 unum
1713 2573 2072 2637 conferantur,
2106 2572 2261 2623 facile
2298 2586 2393 2623 se—

403 2661 507 2716 culi
552 2660 753 2716 modum
803 2652 1171 2724 expleverint.“
1253 2657 1396 2713 Idem
1441 2658 1550 2709 fere
1603 2658 1809 2717 tradunt
1864 2659 1926 2711 de
1973 2659 2073 2710 hac
2109 2676 2166 2711 re
2203 2659 2390 2710 Livius

399 2746 594 2814 xx111‚
629 2749 715 2798 26.
748 2744 956 2797 Plinius
991 2744 1130 2802 Hist.
1166 2748 1271 2798 nat.
1308 2744 1424 2808 vll,
1460 2745 1543 2800 49.
1604 2746 1687 2811 qui
1723 2745 1921 2812 quidem
1958 2747 2086 2798 adeo
2124 2746 2393 2811 sexaginta

401 2834 572 2885 tribus
609 2833 760 2885 annis
795 2832 1011 2884 Fabium
1041 2832 1307 2897 Augurem
1341 2831 1512 2885 fuisse
1547 2831 1748 2886 scribit.

535 2918 719 2972 Primo
755 2921 1070 2972 consulatu.
1095 2955 1108 2968 .
1129 2955 1142 2970 .
1178 2918 1494 2986 triumphas.
1563 2919 1827 2977 Plutarch.
1862 2920 1985 2971 Fal).
2021 2921 2157 2971 Max.
2196 2936 2308 2988 cap.
2341 2920 2393 2972 2.

397 3008 560 3062 Πέντε
593 3005 642 3062 δ’
674 3005 964 3071 ὑπατειῶν,
999 3027 1064 3067 ας
1096 3003 1414 3068 ὖπατευσεν,
1460 3004 1496 3076 ἦ
1536 3026 1717 3077 πρωτη
1750 3004 1843 3060 τὸν
1878 3004 1986 3061 cino
2020 3004 2230 3074 Λιγύων
2265 3006 2393 3079 θρί-

397 3100 572 3162 αμβον
625 3097 782 3162 ἔσχεν
844 3094 1195 3164 Ἡττηθᾶντες
1227 3090 1329 3164 γὰρ
1365 3090 1457 3146 ὑπ’
1494 3092 1661 3152 αὐταῦ
1692 3090 1837 3167 μάχῃ
1872 3095 1961 3148 καὶ
1993 3091 2217 3154 πολλοὺς
2250 3092 2393 3152 ἀπο-

396 3181 643 3250 βαλόντες
678 3182 748 3244 εἷς
780 3180 874 3243 τὰς
900 3180 1114 3243 Ἄλπεις
1140 3163 1496 3249 ἀνεσταλῆσαθ
1531 3182 1619 3240 καὶ
1645 3177 1742 3252 τὴν
1771 3182 2115 3252 προίσοικον’
2092 3177 2391 3236 επαύσαντο

397 3272 492 3340 τῆς
521 3267 748 3331 'Italiac
783 3268 1074 3339 ληῖμόζενοι
1111 3271 1201 3323 καὶ
1235 3271 1399 3328 κακῶς
1432 3272 1719 3329 ποιοῦντες
1754 3299 1814 3309 -
1855 3270 1974 3324 Jam
2010 3277 2124 3330 ante
2159 3267 2302 3322 tertii
2338 3272 2394 3319 et

399 3358 571 3423 quarti
628 3359 930 3410 consulatus
979 3357 1286 3409 mentionem
1335 3372 1398 3407 ex
1443 3360 1725 3422 temporum
1759 3356 1964 3416 ratione,
1996 3358 2144 3427 sequi
2179 3355 2394 3407 debebat

386 3437 690 3511 :Dictaturffi
727 3444 810 3496 oui
839 3449 1006 3496 tamen
1039 3444 1091 3494 in
1121 3443 1291 3509 elogio
1314 3442 1503 3496 tertius
1528 3444 1827 3502 consulatus
1847 3445 2205 3509 praemittitur.
2244 3445 2391 3506 Quae

400 3531 613 3582 tertium
665 3536 716 3581 et
767 3534 1001 3598 quartum
1049 3530 1242 3583 Consul
1287 3545 1399 3582 cum
1444 3530 1690 3586 Marcello
1739 3531 1875 3582 bella
1909 3533 2143 3597 gesserit
2175 3531 2390 3584 uberius

392 3621 576 3668 narrat
608 3614 794 3667 Livius
829 3615 909 3677 X,
931 3621 962 3666 9
1000 3631 1140 3684 seqq.
1178 3633 1391 3684 quocum
1426 3617 1664 3674 conferas
1695 3619 2057 3683 Plutarchum,
2095 3617 2176 3685 qui
2210 3617 2391 3672 vivam

396 3703 638 3756 diversae
673 3702 947 3772 utriusque·
979 3703 1125 3755 ducis
1161 3703 1354 3758 indolis
1389 3703 1665 3769 imaginem
1702 3704 1962 3771 expressit
1994 3706 2046 3756 in
2080 3704 2207 3754 Fab.
2242 3704 2386 3762 Max.

392 3805 505 3856 eap.
539 3792 626 3841 19.

529 3875 777 3929 Dictator
825 3876 1088 3944 Magi-vtro
1134 3891 1192 3945 eq
1229 3912 1243 3928 .
1281 3914 1296 3931 .
1331 3915 1345 3931 .
1380 3917 1397 3935 .
1445 3880 1740 3946 appellatae
1775 3882 1875 3932 cst.
1958 3877 2206 3945 Polybius
2240 3875 2382 3936 Hist.

390 3963 495 4031 111,
531 3964 651 4017 103.
719 3964 968 4032 Magistri
1015 3965 1242 4037 equitum
1290 3981 1405 4020 cum
1438 3965 1723 4021 Dictatoris
1759 3964 1973 4032 imperio
2007 3964 2274 4033 imperium
2305 3962 2387 4017 ita
