2674 4449
1331 283 1420 352 30

788 538 933 604 XI.
964 537 1060 603 L.
1076 538 1533 611 „Munatius
1556 539 1962 605 Plancus.

519 672 757 725 Continet
791 673 1014 738 elogium
1044 673 1262 725 Munatii
1285 673 1463 725 Planci
1500 680 1730 740 stemma,
1765 675 2013 737 honores,
2050 669 2378 736 triumphum,

388 761 566 813 aedem
603 759 818 811 Saturni
856 759 918 810 ab
959 760 1137 811 eodem
1173 761 1487 819 dedicatam,
1526 775 1689 826 agros
1723 758 1988 812 veteranis
2024 758 2245 823 divisos,
2283 773 2379 809 co-

386 849 558 900 lonias
594 847 901 911 Lugdunum
936 851 988 896 et
1014 847 1290 899 Rauricam
1322 848 1589 901 deductas,
1629 846 1689 898 In
1719 847 1999 898 honoribus
2018 842 2381 896 enumerandis
2424 880 2430 893 ,

385 936 780 1003 praetereuntur
811 932 1155 985 Praefectura
1189 933 1356 1000 urbis,
1393 939 1656 1001 praetura,
1694 935 1825 985 alter
1860 933 2183 986 consulatus,
2211 959 2259 969 —
2287 931 2382 981 In-

388 1022 594 1086 soulpta
641 1020 862 1070 habetur
906 1020 1180 1087 inscriptio
1217 1021 1485 1072 mausoleo
1521 1020 1763 1088 Munatii,
1800 1021 1930 1089 quod
1967 1002 2161 1071 caetae
2196 1021 2382 1070 exstat.

387 1108 670 1160 Ediderunt
718 1107 832 1158 Ala.
868 1107 1143 1159 Manutius
1181 1107 1524 1173 orthograph.
1580 1108 1854 1161 Gruterus
1897 1108 1947 1159 in
1984 1108 2143 1159 'Phes-
2180 1123 2228 1173 p.
2266 1108 2385 1157 439.

319 1217 325 1223 ·
388 1213 439 1246 ιι.
477 1197 527 1246 8.
597 1195 934 1260 montfaucon
968 1194 1142 1261 Antiq.
1182 1195 1314 1260 expl.
1353 1194 1480 1245 'l'om
1513 1195 1577 1261 V,
1613 1213 1661 1263 p.
1701 1198 1820 1246 128.
1870 1195 2179 1262 schoepflin
2211 1193 2384 1244 Alsat.

390 1284 591 1335 illustr.
642 1282 683 1345 Ι,
730 1297 783 1347 p,
817 1282 933 1332 154.
984 1281 1069 1349 qui
1105 1283 1166 1332 de
1202 1287 1525 1333 monumento
1559 1283 1899 1349 transcripsit
1912 1301 1930 1350 3
1993 1281 2237 1334 Marcelli
2271 1281 2305 1331 l.
2344 1280 2385 1331 l.

389 1387 438 1437 p.
478 1371 596 1420 166.
632 1369 730 1419 Ed.
767 1367 808 1436 1,
847 1384 894 1434 p.
930 1369 1047 1420 2¹⁷0.
1084 1369 1183 1420 Ed.
1208 1367 1277 1417 ΙΙ.
1319 1368 1492 1420 Orelli
1516 1368 1734 1421 Collect.
1770 1369 1968 1420 N.590.
1991 1395 2043 1404 -
2065 1371 2142 1421 De
2163 1367 2389 1419 Munatii

390 1457 572 1508 Planci
621 1456 733 1507 vita
782 1455 1038 1521 imprimis
1073 1455 1443 1522 schoepflinus
1481 1457 1879 1510 accuratissime
1916 1457 2154 1523 exposuit
2183 1456 2219 1506 l.
2256 1456 2295 1506 l.
2333 1471 2383 1522 p,

391 1547 510 1595 152.
553 1544 701 1595 cuius
737 1542 1147 1594 lucubrationem
1182 1541 1236 1592 in
1272 1558 1422 1593 usum
1450 1559 1598 1595 suum
1625 1545 1878 1597 convertit
1893 1544 2199 1596 Viscontius
2235 1539 2387 1606 (lco-

391 1630 640 1696 nograph.
688 1643 815 1679 rom.
867 1629 928 1678 Τ.
963 1629 1006 1695 1,
1043 1646 1090 1695 p.
1127 1625 1300 1695 229),
1347 1630 1693 1682 Drummanus
1742 1637 1913 1683 autem
1955 1630 2124 1695 (Hist.
2161 1645 2286 1681 rom.
2323 1630 2385 1680 Τ.

392 1717 484 1785 lv,
520 1734 568 1783 p.
604 1716 724 1767 207.
760 1731 810 1764 ιι.
846 1712 962 1779 10.)
1019 1714 1073 1765 ἰιι
1121 1716 1345 1766 Munatii
1378 1717 1490 1768 vita
1541 1718 1838 1768 enarranda
1874 1719 2008 1768 male
2043 1718 2285 1782 neglexit.
2323 1743 2383 1753 -·

397 1805 523 1856 Cum
558 1801 829 1867 inscriptio
866 1802 1123 1852 mausolei
1162 1801 1271 1867 sit,
1304 1803 1440 1854 forte
1477 1803 1592 1871 quis
1629 1819 1726 1854 non
1762 1809 1865 1854 tam
1902 1803 2092 1868 elogiis
2132 1820 2281 1873 quam
2313 1804 2390 1854 ti-

393 1892 527 1944 tulis
566 1889 947 1955 sepulcralibus
987 1889 1301 1940 adnumeret.
1359 1876 1464 1941 Sed
1502 1891 1682 1941 eadem
1718 1891 1848 1958 quod
1883 1904 2045 1958 neque
2083 1890 2253 1941 obitus
2290 1905 2391 1941 ne-

397 1994 493 2046 que
526 1990 774 2028 annorum
789 1974 1012 2024 Munatii
1045 1976 1351 2026 mentionem
1385 1977 1529 2042 facit,
1566 1992 1728 2047 neque
1764 1977 1965 2028 omnino
1999 1977 2261 2028 titulorum
2294 1991 2394 2026 se-

394 2063 702 2132 pulcralium
750 2061 845 2113 sed
899 2063 1055 2127 plane
1109 2064 1397 2128 elogiorum
1443 2065 1660 2116 formam
1713 2065 1911 2131 refert,
1968 2079 2082 2116 cum
2116 2062 2392 2129 Morcello,

398 2137 595 2205 Orellio
641 2150 765 2200 aliis
805 2149 997 2213 elogiis
1041 2149 1440 2216 adscripsimus.
1509 2150 1798 2227 Morcellus
1834 2152 1968 2202 hanc
2003 2149 2395 2216 inscriptionem

402 2239 563 2303 elogii
600 2238 884 2303 exemplum
921 2237 1036 2288 eius
1071 2252 1194 2287 esse
1236 2240 1561 2304 suspicatur,
1598 2240 1729 2314 quod
1764 2243 1943 2289 statua
1974 2237 2156 2289 Planci
2192 2237 2246 2289 in
2279 2238 2393 2287 foro

398 2325 628 2392 Augusti
663 2324 838 2392 posita
875 2324 1176 2376 contineret.

579 2518 646 2580 L.
678 2517 973 2581 Munatius
1005 2515 1071 2577 L.
1105 2516 1165 2578 F.
1199 2515 1264 2577 L.
1297 2518 1367 2579 N.
1401 2516 1465 2578 L.
1497 2516 1559 2578 P.
1593 2515 1860 2590 PlancuS,
1896 2518 2033 2582 Cos.
2053 2518 2226 2581 Gens,
2247 2516 2393 2599 Imp.

403 2636 533 2697 iter.
563 2633 756 2700 vllvir
789 2632 943 2712 epul.
975 2630 1239 2710 Triump.
1274 2649 1345 2692 ex
1375 2631 1596 2693 Raetis,
1630 2630 1862 2694 Aedem
1889 2631 2125 2695 Saturni
2155 2633 2296 2694 fecit
2323 2630 2399 2693 de

402 2746 696 2808 manihiis.
763 2744 955 2824 Agros
989 2743 1182 2805 divisit
1212 2745 1270 2805 in
1300 2741 1466 2805 Italia
1494 2744 1838 2807 Beneventi.
1919 2744 1985 2807 In
2018 2744 2206 2808 Gallia
2236 2744 2399 2806 colo·

404 2862 532 2924 nias
569 2860 809 2923 deduxit
840 2856 1189 2948 Lugdunum
1221 2866 1282 2921 et
1311 2859 1638 2946 Rauricam.

540 3062 604 3113 L.
640 3062 702 3113 F.
739 3061 893 3112 Lucii
925 3061 1086 3113 filius.
1140 3061 1337 3114 Lucius
1371 3068 1517 3128 pater
1551 3062 1601 3115 is
1639 3069 1741 3129 est,
1778 3078 1990 3130 quocum
2024 3062 2209 3114 Cicero
2246 3075 2402 3125 mag-

407 3166 502 3202 nas
552 3154 602 3201 et
647 3152 858 3201 veteres
906 3152 957 3200 et
990 3149 1162 3199 iustas
1197 3150 1303 3199 sibi‘
1330 3148 1504 3201 fuisse
1541 3151 1727 3202 scribit
1760 3151 1826 3201 ad
1860 3149 1923 3200 L.
1959 3149 2204 3201 Plancum
2238 3146 2400 3198 filium

407 3238 537 3303 Epp.
577 3238 658 3288 ad.
692 3235 852 3288 Attio.
887 3236 1029 3302 XVI,
1070 3237 1148 3287 16.
1205 3236 1491 3288 Praeterea
1522 3237 1650 3289 nihil
1687 3238 1957 3305 quidquam
1991 3251 2152 3304 neque
2188 3235 2250 3286 de
2284 3232 2399 3284 Lu-

411 3324 490 3375 cio
525 3323 705 3374 Planci
741 3328 909 3389 patre,
941 3338 1104 3389 neque
1142 3323 1203 3373 de
1240 3340 1339 3375 avo
1376 3328 1466 3375 aut
1497 3339 1692 3391 proavo
1730 3328 2043 3390 compertum
2061 3323 2328 3374 habemus.

549 3411 675 3463 Coc.
710 3410 1030 3475 Designatus
1069 3411 1250 3463 consul
1287 3416 1403 3463 erat
1434 3411 1660 3463 Plancus
1697 3426 1811 3463 cum
1843 3412 1906 3463 D.
1932 3411 2088 3466 Bruto
2125 3409 2178 3460 in
2213 3422 2400 3459 annum

409 3504 532 3566 post
585 3498 807 3550 Hirtium
854 3501 905 3548 et
946 3496 1172 3549 Pansam
1209 3499 1454 3552 consules
1492 3496 1633 3561 (Cic.
1669 3479 1766 3564 Ep.
1802 3498 1966 3550 famil.
2001 3498 2121 3562 ΧΠ,
2152 3495 2237 3548 10.
2275 3493 2397 3545 aliis

411 3584 579 3649 locis)
591 3603 609 3652 3
645 3585 741 3637 sed
774 3585 896 3652 nost
931 3584 1267 3636 defectionem
1301 3584 1510 3638 Aemilii
1528 3584 1713 3650 Lepidi
1747 3601 1780 3635 a
1814 3590 2033 3637 senatus
2067 3584 2308 3650 partibus
2331 3580 2400 3632 ad

411 3673 716 3738 Antonium,
773 3687 922 3741 quem
977 3675 1027 3722 et
1074 3672 1296 3724 Plancus
1347 3675 1558 3724 secutus
1596 3674 1693 3737 est,
1731 3669 2266 3735 consulatumgessit
2299 3684 2401 3720 non

414 3774 527 3812 cum
575 3759 637 3810 D.
666 3747 844 3810 Bruto
889 3758 986 3824 sed
1021 3773 1134 3810 cum
1170 3757 1393 3810 Aemilio
1426 3757 1622 3825 Lepido
1660 3756 1759 3823 (42
1795 3775 1844 3810 a.
1880 3755 2006 3821 ch.)
2041 3757 2250 3824 eodem,
2303 3771 2399 3822 quo

415 3846 660 3900 Tiberius
696 3849 850 3896 natus
886 3850 988 3911 est,
1025 3859 1153 3895 anno
1190 3845 1432 3909 (Sueton.
1469 3844 1649 3900 TiBer.
1689 3860 1801 3910 cap.
1823 3842 1905 3908 5.)
1939 3844 2229 3896 Posteriori
2262 3848 2401 3894 tem-

413 3948 538 4001 pore
582 3933 768 3987 iterum
816 3932 998 3986 consul
1042 3935 1155 3984 erat
1197 3932 1430 3985 Plancus
1475 3932 1573 3985 sed
1609 3930 1866 3985 suffectus
1877 3948 1895 3999 3
1947 3946 2112 4001 neque
2147 3932 2211 3984 de
2243 3928 2400 3983 huius
