2674 4449
1325 264 1406 328 13

360 451 527 499 torem
575 443 653 493 rei
709 440 973 505 gerendae
1023 452 1189 489 causa
1235 439 1448 500 ferunt,
1484 423 1797 501 eundemque
1837 433 1986 484 annis
2021 434 2250 500 proxime
2288 448 2384 485 se-

362 530 638 596 quentibus
676 527 755 590 (u.
794 515 847 576 c.
877 525 996 574 453.
1034 528 1085 574 et
1118 520 1270 582 454.)
1307 520 1574 572 consulem
1614 520 1657 568 V
1697 526 1749 570 et
1786 520 1874 569 vl.
1912 507 2384 582 SedLiriusX,3.

362 617 431 665 M.
470 613 737 664 Valerium
772 610 1072 669 Maximum,
1110 622 1213 656 non
1237 607 1464 656 Corvum
1499 605 1681 655 eodem
1717 609 1951 668 tempore
1988 603 2296 655 dictatorem
2331 607 2384 653 et

365 680 630 749 consulem
679 696 923 747 nominat.
995 692 1213 742 Etrusci
1253 697 1306 741 et
1344 689 1617 741 Samnites
1655 689 1741 739 his
1779 689 1934 738 annis
1974 704 2007 738 a
2042 688 2197 739 Livio
2233 689 2387 740 iden-

366 785 523 834 tidem
560 782 876 832 rebellantes
915 782 969 828 et
993 777 1119 827 victi
1150 781 1532 839 memorantur3
1568 774 1879 838 triumphum
1906 778 2076 824 autem
2100 776 2164 824 de
2187 775 2388 825 Etrus-

366 869 448 918 cis
487 872 541 918 et
573 869 773 917 Marsis
811 879 872 913 eo
909 868 1140 926 tempore
1179 877 1209 910 a
1248 860 1458 910 Valerio
1496 863 1849 924 reportatum,
1887 873 2038 927 quem
2075 858 2300 922 elogium
2337 858 2389 908 h.

365 952 399 1000 1.
437 952 615 1015 iactat,
650 963 903 1015 nusquam
939 947 1065 997 alibi
1105 951 1438 995 memoratum
1478 945 1669 994 inveni.

500 1035 640 1086 Ami
674 1032 909 1084 XXXVI
939 1031 1187 1096 fuerunt.
1227 1029 1367 1079 Nota
1398 1031 1600 1080 numeri
1633 1028 1682 1079 Χ
1714 1035 1766 1081 et
1792 1030 1817 1079 1
1848 1028 2089 1079 addenda
2118 1032 2220 1078 ost.
2257 1026 2391 1089 Nam

371 1127 423 1172 et
478 1119 736 1171 Valerius
771 1118 1030 1168 Maximus
1068 1114 1313 1178 (Factor.
1351 1117 1404 1164 et
1437 1115 1637 1166 Dictor.
1678 1115 1957 1166 memorab.
1995 1115 2151 1179 vm,
2189 1115 2292 1180 13,
2330 1111 2392 1177 1)

373 1208 510 1259 inter
557 1204 760 1255 Valerii
811 1201 1025 1253 Corvini
1074 1201 1289 1265 primum
1340 1202 1392 1248 et
1440 1205 1641 1248 sextum
1690 1199 2014 1249 consulatum
2052 1198 2395 1268 quadraginta

373 1295 573 1355 septem
610 1303 775 1339 annos
809 1286 982 1338 fuisse
1021 1285 1238 1347 scribit,
1276 1287 1330 1333 et
1366 1297 1428 1332 ex
1463 1283 1747 1333 Fastorum
1783 1283 2188 1347 Capitolinorum
2212 1317 2227 1346 ‚
2261 1297 2391 1350 quos

368 1375 469 1426 hoc
517 1374 741 1437 elogium
778 1371 936 1421 etiam
971 1370 1035 1418 de
1072 1367 1356 1418 dictatur-is
1397 1367 1593 1417 Valerii
1629 1367 1770 1416 binis
1808 1367 2077 1433 sequitur,
2125 1373 2416 1432 computa-4

370 1461 513 1509 tione
551 1461 787 1523 apparet.
836 1454 1048 1505 Primus
1086 1452 1223 1503 enim
1258 1451 1329 1502 ibi
1364 1451 1567 1502 Valerii
1604 1451 1765 1501 Corvi
1802 1453 2110 1502 consulatus
2148 1451 2202 1501 in
2238 1468 2322 1502 an.
2345 1468 2397 1503 u.

370 1559 418 1594 c.
463 1545 569 1594 405
616 1541 826 1602 incidit,
881 1543 1064 1588 sextus
1103 1537 1158 1587 in
1193 1531 1382 1586 aiinum
1416 1537 1551 1600 454,
1590 1534 1723 1585 unde
1760 1536 1810 1585 si
1848 1536 1998 1586 binos
2036 1536 2398 1588 consulatuum

370 1643 533 1679 annos
583 1623 926 1692 computando
974 1622 1235 1672 demseris
1280 1620 1614 1670 intervallum
1650 1619 1789 1670 inter
1825 1624 2094 1686 utrumque
2130 1636 2397 1673 numerum

371 1712 716 1782 quadraginta
750 1722 996 1767 annorum
1033 1707 1356 1773 relinquitur.

506 1799 568 1849 le
603 1810 726 1847 cum
760 1792 1046 1846 exercitus
1082 1798 1184 1844 etc.
1221 1790 1571 1855 significatur
1607 1789 1659 1839 h.
1701 1790 1735 1838 Ι.
1771 1789 1967 1841 seditio
2005 1790 2270 1843 exercitus
2300 1807 2395 1842 ro-

373 1882 542 1939 mani,
593 1882 801 1945 Capuae
850 1877 935 1928 vel
981 1876 1189 1949 luxuria
1237 1874 1622 1940 superbientia,
1659 1872 1815 1924 Livio
1852 1879 2095 1943 auctore,
2143 1877 2235 1927 vel
2271 1891 2397 1927 aero

371 1968 575 2031 alieno,
614 1970 671 2016 ut
707 1963 955 2014 Aurelius
990 1962 1175 2013 Victor
1209 1964 1427 2024 narrat,
1465 1957 1749 2022 compulsi,
1788 1975 1939 2024 quam
1974 1960 2221 2011 Valerius
2260 1960 2397 2011 Cor-

370 2052 526 2101 vinus
564 2049 880 2099 auctoritate
916 2061 1014 2096 sua
1051 2048 1104 2093 et
1136 2044 1414 2093 verborum
1452 2042 1665 2092 leuitate
1703 2045 2035 2108 compressit,
2072 2045 2190 2095 dum
2223 2044 2397 2098 dicta-

373 2141 493 2185 tura
526 2134 745 2198 primum
781 2131 1030 2194 fungitur.
1089 2128 1211 2178 vid.
1252 2128 1374 2177 Liv.
1410 2127 1531 2191 vn,
1564 2128 1806 2177 39—42.
1843 2127 2025 2178 Aurel.
2060 2129 2246 2181 Victor
2282 2145 2397 2196 cap.

372 2223 457 2271 29.
498 2223 733 2270 exeunte.
811 2216 980 2266 Verba
1033 2213 1193 2277 elogii
1239 2212 1336 2263 hac
1374 2218 1524 2278 parte
1562 2213 1745 2263 mutila
1779 2212 1831 2263 in
1869 2213 2007 2265 hunc
2043 2216 2156 2267 fere
2193 2217 2397 2267 modum

375 2307 660 2370 suppleas,
717 2309 773 2353 ut
824 2316 954 2366 pone
1003 2304 1248 2369 superata
1285 2298 1503 2347 addatur
1539 2303 1763 2359 essent,-
1820 2313 1952 2362 pone
1987 2306 2403 2352 reverterentur

373 2391 586 2442 verbum
625 2386 829 2454 effecit,
882 2384 1026 2435 aliud
1065 2381 1337 2431 eiusmodi.
1408 2380 1722 2439 Deeciesue
1773 2396 1865 2446 pro
1912 2381 2230 2447 discissus,
2269 2384 2402 2451 quod

376 2476 588 2526 verbum
628 2472 786 2521 etiam
822 2468 874 2519 iu
911 2467 1049 2518 actis
1085 2468 1308 2516 fratrum
1349 2464 1601 2515 arvalium
1637 2464 1859 2516 habetur
1893 2464 2113 2531 (Marini
2144 2469 2258 2520 Atti
2280 2484 2401 2535 pag.

375 2558 531 2623 598),
569 2554 886 2608 Forcellinio
925 2552 1242 2603 observante
1278 2552 1331 2600 in
1369 2550 1519 2614 lexic.
1559 2564 1605 2599 s.
1646 2564 1696 2599 v.
1733 2550 2075 2616 discindor&
2111 2553 2233 2605 aliis
2267 2554 2404 2605 locis

381 2642 518 2693 hand
551 2641 714 2691 facile
750 2639 1031 2689 invenitur.
1056 2662 1118 2671 —
1143 2635 1474 2686 Auctoritate
1512 2634 1837 2699 superbiam
1873 2635 1938 2685 ad
1974 2638 2279 2689 dictatorem
2313 2654 2406 2690 re-

376 2726 648 2778 ferendum
699 2731 753 2776 ot
796 2725 850 2774 in
897 2724 1083 2773 bonam
1118 2725 1322 2785 partem
1360 2719 1808 2783 interpretandum
1847 2725 1961 2785 est,
1999 2722 2063 2771 de
2100 2722 2407 2774 confidentia

379 2810 684 2874 dictatoris,
717 2824 869 2875 quam
895 2823 924 2857 e
950 2822 1051 2856 sua
1070 2805 1201 2870 apud
1222 2803 1417 2854 milites
1445 2804 1755 2855 auctoritate
1779 2806 1989 2872 sumsit,
2021 2809 2224 2874 qualem
2250 2808 2407 2858 etiam

380 2895 570 2945 Livius
627 2894 829 2944 inducit
873 2887 1024 2956 (vn,
1062 2886 1180 2952 40.)
1227 2887 1280 2938 in
1325 2887 1562 2939 oratione
1611 2889 1676 2939 ad
1720 2890 1915 2941 milites
1955 2890 2236 2943 dicentem:
2288 2893 2404 2956 Ego

383 2994 497 3029 sum
532 2978 604 3029 M.
642 2977 896 3029 Valerius
934 2976 1161 3037 Corvus,
1196 2972 1394 3024 milites
1433 2978 1531 3025 etc.

807 3293 909 3355 v.
948 3251 1511 3357 nce-eamus
1542 3292 1978 3357 Meteuus.

519 3424 582 3472 1..
626 3421 849 3473 Caecilii
894 3424 1090 3474 Metelli
1145 3421 1495 3488 magistratus
1542 3425 1717 3490 gesti3
1765 3425 2099 3490 triumphus}
2159 3425 2407 3478 virtutum

381 3509 609 3572 laudes3
646 3522 805 3573 opes3
843 3507 1075 3559 vehiculi
1111 3509 1358 3560 concessi
1396 3509 1578 3560 honor.
1615 3511 1866 3561 Poterant
1900 3510 2042 3575 addi,
2076 3525 2210 3579 quae
2244 3525 2408 3576 prae-

383 3598 655 3645 tereuntur
700 3591 754 3642 in
808 3592 981 3656 elogio
1001 3628 1017 3658 ,
1072 3594 1372 3657 cognomen
1419 3596 1625 3647 Metelli
1669 3601 1722 3646 et
1755 3595 2006 3661 splendor
2041 3595 2279 3647 familiae
2313 3610 2411 3661 per

381 3677 520 3729 huuc
551 3677 770 3742 primum
805 3676 869 3727 L.
900 3675 1189 3727 Caecilium
1224 3678 1423 3729 inlatus
1462 3685 1515 3729 et
1547 3679 1826 3744 palladium
1856 3695 1885 3732 e
1909 3681 2105 3733 Vestae
2142 3680 2294 3733 aedis
2320 3680 2407 3732 iu-

386 3761 570 3812 ceudio
608 3767 896 3814 servatum.
918 3789 982 3801 —
1011 3761 1220 3813 Primus
1245 3763 1639 3830 inscriptionem
1665 3765 1827 3815 edidit
1847 3766 2171 3817 Mmcliiue
2196 3766 2250 3816 in'
2272 3765 2424 3829 Epi--

388 3851 656 3909 grammat.
696 3847 940 3914 antiquae
977 3846 1140 3898 urbis.
1178 3847 1376 3899 Romae
1415 3850 1567 3899 1521.
1605 3864 1721 3913 pag.
1764 3852 1846 3915 19,
1886 3853 1933 3899 1.
1972 3851 2157 3901 deinde
2194 3851 2404 3901 θωκ-
2443 3837 2452 3840 ⁴
