2674 4449
1250 263 1332 328 51

1090 445 1510 526 ulphilas.
1585 454 1592 459 ·

485 583 756 665 Ulphilas
772 627 787 654 ‚
831 588 1003 664 gente
1034 581 1366 646 Gothorum
1396 580 1704 652 oriundus,
1746 582 1848 661 qui
1876 582 1938 645 in
1966 584 2163 648 dextra
2192 587 2307 649 Da-

308 698 476 762 nubii
506 700 632 779 ripa
659 700 877 762 Daciae
907 705 1137 779 partem
1167 717 1201 761 a
1228 698 1479 763 Valente
1522 699 1877 778 imperatore
1915 699 2031 761 sihi
2062 717 2311 762 conces-

312 833 443 878 sam
498 815 825 878 incolentes
873 817 1088 878 avitam
1143 813 1477 878 libertatem
1529 813 1873 886 tuebantur3
1946 830 2056 894 per
2105 815 2309 896 viginti

312 945 498 988 annos
532 926 795 1008 episcopi
825 944 1066 990 munere
1096 926 1357 998 functuS,
1386 927 1612 1006 primus
1644 926 1908 988 omnium
1936 944 2140 991 sacros
2171 928 2310 988 novi

310 1040 571 1103 foederis
612 1047 672 1102 et
708 1031 1019 1102 maximam
1065 1045 1293 1119 partem
1331 1039 1557 1117 antiqui
1585 1036 1771 1100 libros
1808 1040 1868 1100 in
1898 1040 2148 1119 patrium
2184 1058 2310 1102 ser-

255 1178 260 1191 ·
310 1173 546 1218 monem
573 1157 765 1237 vertit.
857 1154 987 1228 Qua
1030 1155 1092 1215 in
1135 1153 1313 1216 laude
1343 1151 1616 1232 Ulphilae
1647 1129 1959 1216 tribuenda
1995 1160 2061 1216 ut
2096 1140 2314 1216 omnes

311 1287 507 1330 rerum
537 1271 859 1349 scriptores
892 1268 1300 1338 consentiunt,
1347 1265 1431 1327 ita
1473 1268 1741 1328 inventas
1787 1265 1987 1328 eidem
2025 1266 2310 1330 Gothicas

309 1383 508 1444 literas
540 1379 690 1444 falso
720 1383 863 1443 olim
892 1381 1219 1460 adscriptas
1251 1396 1393 1441 esse
1426 1379 1706 1458 apparuit.
1810 1378 2017 1441 Utrum
2055 1380 2311 1442 Catholi-

305 1513 412 1557 cus
447 1512 521 1555 an
549 1495 803 1556 Arianus
832 1494 1009 1556 inerit
1035 1512 1155 1555 non
1181 1498 1304 1556 tam
1332 1490 1563 1574 liquido
1596 1494 1841 1564 constat,
1876 1509 2051 1573 quam
2079 1494 2152 1556 de
2183 1511 2311 1555 mo·

303 1628 439 1673 rum
469 1612 776 1672 sanctitate
806 1627 1012 1672 omnes
1044 1611 1437 1673 consentiunt.
1502 1607 1673 1672 Tanti
1702 1627 1839 1672 eum
1859 1598 1965 1672 ¹sui
1994 1609 2311 1690 populares
2411 1631 2438 1659 ·

305 1723 603 1795 fecerunt,
641 1729 703 1786 ut
734 1740 940 1785 omnes
962 1738 1092 1785 -uno
1125 1742 1230 1786 ore
1262 1722 1659 1786 celebrarent:
1714 1721 2015 1804 Quidquid
2043 1710 2312 1803 Ulphilas

306 1835 530 1909 fecerit,
563 1824 726 1898 re'cte
757 1833 977 1910 factum
1008 1852 1146 1897 esse
1176 1834 1529 1897 habendum.
1585 1832 1786 1896 Gloria
1808 1836 1920 1898 hac
1946 1842 2139 1899 aetate
2159 1836 2313 1900 inter

314 1946 637 2012 Germanos
681 1940 919 2011 nonnisi
961 1946 1340 2027 imperatoria
1384 1952 1443 2007 et
1473 1945 1685 2017 bellica
1720 1947 2132 2029 appetebatur;
2194 1966 2313 2029 quo

309 2069 494 2147 magis
535 2065 693 2128 illius
739 2066 848 2128 viri
883 2065 1062 2126 vitam
1103 2063 1318 2124 intueri
1348 2062 1535 2131 iuvat,
1590 2060 1692 2140 qui
1732 2058 2070 2124 erudiendis
2110 2061 2316 2143 populi

311 2180 409 2242 sui
437 2181 687 2262 ingeniis
717 2185 1021 2260 tantopere
1050 2178 1331 2251 intentus,
1364 2180 1590 2241 tantum
1609 2177 1826 2257 gratiae
1852 2182 1911 2240 et
1939 2175 2129 2242 laudis
2162 2176 2317 2258 apud

310 2292 628 2373 populares
660 2289 899 2357 invenit.

789 2638 1420 2725 'theodoricus
1440 2654 1834 2752 Magnus.

491 2823 899 2888 Theodericus
919 2826 1262 2889 Amalorum
1286 2830 1465 2907 gente
1496 2823 1797 2897 oriundae,
1833 2824 1903 2887 ab
1930 2832 2138 2890 octavo
2158 2832 2315 2891 aeta-

318 2939 396 2998 tis
446 2938 521 3000 ad
568 2939 1111 3035 duodevicesimam
1148 2960 1255 3022 per
1294 2941 1509 3005 decem
1549 2943 1861 3006 continuos
1907 2962 2092 3007 annos
2132 2946 2316 3009 ohses

317 3053 824 3136 Constantinopoli
853 3056 1074 3137 degens
1103 3058 1285 3121 multa
1315 3055 1552 3130 didicit,
1606 3058 1750 3122 artis
1781 3065 1980 3123 tamen
2011 3058 2318 3124 scribendi

225 3188 227 3190 ¹
317 3182 525 3245 expers
575 3167 804 3230 mansit.
894 3168 1152 3232 Domum
1190 3169 1375 3235 redux
1418 3171 1632 3234 bellica
1671 3170 1844 3235 laude
1894 3171 2195 3244 excelluit,
2254 3174 2317 3234 in

312 3281 496 3358 patris
527 3282 742 3345 mortui
772 3280 971 3346 locum
1003 3283 1505 3367 ostrogothorum
1534 3302 1639 3349 rex
1675 3288 2035 3352 renuntiatus
2052 3331 2069 3362 ,
2118 3304 2254 3350 mox
2284 3304 2319 3351 a

314 3393 555 3455 Zenone
600 3393 953 3475 imperatore
987 3397 1539 3479 Constantinopolin
1570 3400 1796 3463 accitus
1841 3416 1957 3481 pro
1986 3400 2108 3464 filio
2137 3400 2320 3481 adop-

313 3512 471 3568 tatus
505 3512 616 3571 est.
705 3508 915 3587 Neque
945 3516 1170 3581 tamen,
1203 3518 1267 3574 ut
1294 3518 1420 3575 erat
1452 3511 1788 3578 Gothorum
1810 3512 2080 3586 indoleS,
2111 3531 2321 3593 pacem

314 3621 461 3685 tulit.
493 3620 666 3684 Petiit
684 3623 755 3684 ab
777 3601 1149 3703 imperatore,
1169 3633 1232 3689 ut
1248 3626 1368 3689 sibi
1384 3626 1638 3691 Herulos
1661 3647 1732 3692 ex
1746 3627 1915 3693 ltalia
1932 3627 2156 3709 pellere
2174 3595 2321 3692 lide-

316 3738 436 3793 ret:
469 3741 770 3812 praestare
788 3736 962 3809 enim,
994 3753 1126 3798 eam
1140 3753 1174 3797 a
1193 3735 1316 3799 filio
1337 3757 1513 3819 quam
1534 3759 1569 3804 a
1584 3741 1900 3823 peregrina
1912 3748 2091 3823 gente
2109 3741 2320 3836 teneri,

318 3851 490 3925 atque
518 3866 584 3909 se
612 3848 811 3913 Italiae
829 3852 1028 3930 potius
1051 3868 1229 3930 quam
1247 3854 1457 3917 aerarii
1476 3854 1782 3938 impendio
1804 3858 2140 3919 sustentari.
2193 3853 2323 3938 Qua

313 3972 378 4019 re
394 3956 703 4037 impetrata
716 3960 1130 4029 Theodericus
1146 3966 1377 4030 senatui
1393 3965 1731 4049 populoque
1740 3968 2010 4032 Romano
2026 3986 2061 4031 a
2074 3968 2323 4032 Zenone

1917 4082 1956 4143 [ι
1973 4074 2008 4113 2³
