2674 4449
365 483 561 539 Vellei.
598 481 909 537 Paterculus
944 481 1013 549 11,
1049 481 1132 534 12.
1171 479 1437 551 „Secundi
1472 482 1781 533 consulatus
1816 478 1966 532 initio
1998 478 2246 533 Calendis
2263 478 2366 531 Ja-

367 571 569 629 nuariis
607 585 721 624 eum
757 570 824 635 (i.
859 584 905 623 e.
940 566 1300 635 Jugurtham)
1324 569 1380 621 in
1414 568 1671 633 triumpho
1708 563 1901 620 duxit.‘·‘
1970 568 2151 620 Aurei.
2184 566 2368 619 Victor

367 661 406 712 l.
443 661 478 711 l.
513 657 863 725 „Jugurtham
898 661 1102 724 captum
1138 661 1259 709 ante
1294 671 1505 708 currum
1552 651 1710 718 egit.“
1770 684 1829 691 —
1888 654 2160 706 Boissard.
2217 653 2361 705 addit

369 745 459 813 „in
491 739 703 809 Jove-vest
753 746 873 793 ante
907 745 1120 794 verbum
1158 742 1298 795 duci.

501 832 650 884 Tert.
702 830 899 882 consul
947 844 1152 897 apsens
1204 834 1370 882 creat
1459 828 1731 881 Salustius
1778 829 1913 880 Bell.
1958 828 2081 892 Jug.
2136 843 2248 893 cap.
2282 828 2368 877 14.

367 917 608 984 „Marius
664 916 850 968 consul
904 917 1100 969 absens
1151 917 1328 968 factus
1383 919 1436 967 et
1486 916 1534 966 ei
1589 916 1802 967 decreta
1833 913 2106 982 provincia
2139 913 2370 966 Gallia!

368 1004 566 1070 Quippe
614 1002 820 1054 Marius
867 1002 1126 1054 adversus
1162 1003 1400 1054 Cimbros
1436 1004 1700 1068 profectus
1736 1008 1896 1055 totum
1930 1017 2113 1053 anuum
2147 1003 2201 1052 in
2233 1001 2370 1052 bello

369 1089 668 1156 apparando
704 1088 777 1141 ibi
813 1090 1118 1142 consumsit.
1191 1090 1296 1142 Sed
1336 1089 1472 1140 idem
1508 1089 1606 1140 iam
1643 1091 1922 1142 secundum
1958 1089 2151 1139 Consul
2187 1093 2372 1139 contra

367 1177 518 1240 leges
555 1177 748 1227 absens
786 1179 999 1228 creatus
1037 1180 1169 1228 erat.
1205 1175 1472 1228 Plutarch.
1505 1175 1637 1227 Mar.
1675 1191 1785 1241 cap.
1821 1179 1907 1229 12.
1955 1178 2071 1228 Καὶ
2102 1173 2164 1230 τὸ
2198 1173 2373 1231 δεύτε-

369 1283 464 1334 ρον
496 1257 702 1324 ὕπατος
735 1260 1034 1332 ὗπεδεὶχθη
1060 1266 1159 1317 τοῦ
1187 1265 1280 1327 μὲν
1306 1261 1472 1327 νόμου
1501 1261 1785 1324 κωλύοντος
1807 1261 2021 1317 ἀπόντα
2044 1264 2132 1316 καὶ
2157 1260 2231 1333 m}
2254 1265 2372 1317 δια-

368 1345 594 1405 λιπόντα
635 1346 830 1424 χρόνον
877 1348 1153 1422 ὡρισμένον
1198 1337 1367 1412 αὖθις
1414 1350 1688 1422 αἱρεῖσθαί
1707 1389 1723 1414 ,
1789 1355 1886 1405 τοῦ
1932 1352 1985 1404 δὲ
2035 1348 2202 1419 δήμου
2248 1347 2371 1412 τοὺς

365 1436 731 1507 ἀντιλέγοντας
764 1424 1090 1505 infimiorem-'0
1172 1435 1433 1507 Ἡγοῦντο
1467 1436 1570 1511 γὰρ
1607 1436 1724 1492 οὔτε
1759 1442 1841 1491 νῖν
1874 1442 2084 1510 πρῶτον
2119 1441 2262 1497 ἔιξειν
2296 1440 2373 1491 τῶ

367 1527 676 1598 συμφέροντι
711 1522 806 1580 τὸν
838 1515 1028 1589 νόμον)
1077 1522 1184 1579 οὔτ’
1222 1521 1548 1598 ἀλογωτέραν
1583 1516 1715 1579 εἶναὶ
1749 1522 1846 1595 τὴν
1880 1528 2160 1597 παροῦσαν
2194 1523 2368 1579 aazias·

365 1613 555 1682 ἐκείνης
587 1612 638 1666 δῖ
671 1608 739 1682 ἦν
762 1610 855 1666 τὸν
870 1611 1158 1681 Σκηπίωνα
1193 1611 1347 1681 παρὰ
1382 1610 1503 1673 τοὺς
1537 1611 1726 1676 νόμους
1760 1605 1968 1666 ὕπατον
1992 1610 2281 1673 ἀπέδειξαν.
2304 1640 2365 1650 -

368 1713 592 1766 apsens.
629 1698 830 1750 Eadem
865 1697 1084 1763 scriptio
1119 1714 1212 1764 pro
1236 1700 1434 1751 absens
1468 1700 1521 1750 in
1547 1702 1838 1764 fragmento
1865 1700 2181 1751 laudationis
2211 1702 2369 1751 fune-

371 1785 486 1838 bris
524 1785 645 1837 aevi
679 1784 946 1850 Augustei
983 1784 1118 1850 apud
1152 1784 1420 1836 Orellium.
1453 1784 1697 1852 Inscript.
1739 1788 1871 1838 Coll.
1901 1802 1951 1837 n.
1983 1789 2134 1839 4859.
2157 1802 2282 1837 vers
2304 1789 2373 1838 15

509 1872 628 1924 1111
661 1871 787 1924 eos.
822 1872 1231 1923 Teutonorum:
1280 1872 1554 1922 Boissard.
1594 1872 1782 1924 omittit
1817 1873 1942 1925 C'oe.
1996 1874 2213 1943 Reliqua
2246 1888 2370 1925 ree-

368 1958 475 2009 tius
532 1972 682 2026 quam
735 1957 869 2023 apud
913 1958 1181 2009 Aurelium
1231 1957 1498 2008 Victorem
1553 1959 1637 2024 qui
1687 1957 1898 2010 inverso
1954 1960 2133 2010 ordine
2180 1960 2372 2010 habet:

368 2041 642 2112 „Cimbros
696 2044 750 2096 in
805 2043 986 2096 Gallia
1037 2045 1172 2110 apud
1217 2044 1398 2113 Aquas
1455 2045 1686 2111 Sextiae,
1728 2045 1989 2098 Teutonas
2039 2046 2091 2097 in
2124 2045 2281 2096 Italia
2304 2040 2373 2096 'in

369 2132 561 2196 Campo
594 2130 800 2182 Raudio
834 2129 1013 2184 vicit.“
1051 2132 1117 2183 cl'.
1152 2130 1277 2182 ibid.
1317 2132 1611 2196 Interprett.
1651 2161 1712 2171 —
1749 2131 1846 2184 Ex
1881 2133 1989 2184 ieie
2024 2132 2231 2184 Gruter.
2285 2131 2372 2184 eie

368 2216 646 2271 Boissard.
684 2247 746 2257 —
780 2216 1071 2271 Teutonici-3
1129 2215 1339 2269 Gruter.
1391 2222 1447 2269 ut
1479 2234 1593 2269 mox
1626 2219 1923 2273 manubieie
1960 2219 2275 2272 Cimbriceie
2322 2224 2374 2273 et

368 2304 694 2360 Τουιοηίοἰο.

512 2392 784 2462 Βοηιραόῑ.
822 2391 1011 2446 turbat.
1050 2391 1408 2445 seditionibus
1443 2393 1538 2445 Tr.
1570 2394 1643 2461 pl.
1682 2400 1733 2447 et
1759 2381 1995 2462 praetor.
2041 2395 2375 2461 Intelligendi

374 2484 498 2532 suut
538 2480 794 2547 Apuleius
832 2479 1147 2532 Saturninus
1181 2479 1421 2531 tribunus
1454 2481 1622 2547 plebis
1659 2486 1710 2546 et
1744 2483 1800 2534 Ο.
1837 2481 2098 2534 Servilius
2135 2482 2377 2554 Glaucia,

372 2571 600 2633 praetor.
650 2569 729 2619 De
767 2567 945 2618 eadem
981 2580 1040 2615 re
1074 2564 1326 2616 Aurelius
1362 2565 1545 2617 Victor
1580 2566 1642 2630 (Ι.
1679 2564 1762 2630 1.):
1799 2568 1973 2638 Usque
2010 2574 2211 2620 sextum
2246 2587 2375 2622 cou-

314 2673 317 2676 ·
373 2653 595 2704 sulatum
630 2669 724 2720 per
759 2652 992 2704 ordinem
1025 2652 1201 2703 factus
1237 2649 1507 2715 Apuleium
1543 2654 1875 2705 Saturninum
1915 2655 2171 2707 tribunum
2207 2657 2373 2722 plebis

372 2743 425 2790 et
475 2740 746 2793 Glauciam
781 2743 1074 2808 praetorem
1111 2737 1400 2789 seditiosos
1440 2754 1500 2789 ex
1535 2746 1753 2792 senatus
1791 2742 2027 2794 consulto
2064 2739 2370 2797 interemit.“

371 2829 439 2880 cf.
470 2828 660 2880 Vellei.
696 2830 899 2880 Patere.
932 2827 1001 2894 Π,
1037 2828 1124 2878 12.
1180 2826 1358 2878 Valer.
1395 2826 1533 2880 Max.
1581 2828 1675 2895 111,
1710 2830 1761 2880 2.
1799 2829 1882 2879 18.
1938 2829 2203 2881 Plutarch.
2226 2816 2372 2882 Mar.

372 2929 484 2981 cap.
519 2917 605 2965 28.
640 2917 730 2968 30.
1619 2903 1622 2904 ’

506 3002 645 3054 Post
695 3002 856 3055 LXX
895 3016 1092 3054 annum
1126 3007 1226 3053 ete.
1311 3002 1459 3054 Haec
1495 3000 1667 3053 omnia
1702 3017 1762 3052 ex
1797 3000 2050 3055 historiae
2084 3005 2184 3055 fide
2220 3009 2376 3074 atque

373 3088 508 3141 satis
566 3095 690 3142 nota
739 3088 990 3141 Aurelius
1042 3089 1224 3142 Victor
1275 3102 1389 3154 cap.
1428 3090 1514 3154 67,
1560 3092 1611 3140 4.
1670 3088 1756 3140 his
1802 3090 1980 3142 verbis
2015 3091 2373 3162 persequitur:

375 3179 573 3244 „Quum
609 3176 850 3243 Sulpicia
881 3176 1161 3243 rogatione
1198 3175 1517 3242 provinciam
1541 3176 1720 3228 Sullae
1753 3175 1997 3243 eriperet,
2032 3178 2192 3230 armis
2228 3179 2290 3229 ab
2311 3194 2373 3229 eo

373 3264 552 3315 vietus
599 3264 881 3315 Minturnis
933 3263 985 3315 in
1021 3263 1207 3330 palude
1241 3263 1417 3314 latuit.
1486 3263 1732 3314 Inventus
1770 3268 1821 3315 et
1854 3265 1907 3317 in
1943 3279 2205 3319 carcerem
2240 3280 2373 3317 con-

375 3350 543 3404 iectus
588 3350 879 3402 immissum
912 3365 1278 3418 percussorem
1317 3352 1526 3402 Gallum
1561 3351 1739 3402 vultus
1777 3352 2083 3404 anctoritate
2120 3351 2378 3405 deterruit

376 3442 691 3506 acceptaque
734 3433 987 3489 navicula
1034 3438 1088 3488 in
1139 3436 1372 3489 Africam
1419 3436 1658 3489 traiecit:
1716 3439 1789 3490 ibi
1823 3439 1909 3491 diu
1944 3440 2184 3491 exulavit.
2253 3439 2376 3492 Mox

376 3525 612 3576 Cinnana
660 3526 1005 3577 dominatione
1051 3529 1330 3576 revocatus
1357 3526 1542 3589 ruptis
1595 3526 1881 3593 ergastulis
1917 3528 2197 3578 exercitum
2230 3527 2374 3590 fecit,

378 3612 656 3679 caesisque
706 3612 937 3664 inimicis
985 3611 1224 3664 iniuriam
1276 3613 1418 3664 ultus
1469 3601 1685 3676 septimo
1723 3615 2030 3680 consulatu,
2081 3619 2138 3665 ut
2172 3613 2372 3681 quidem

373 3699 584 3765 ferunt,
618 3699 916 3751 voluntaria
950 3704 1114 3751 morte
1151 3694 1433 3751 decessit.“
1501 3697 1831 3769 Reliquorum
1875 3702 2187 3768 scriptorum
2220 3700 2369 3751 locos

378 3786 674 3853 Interprett.
711 3786 892 3838 Aurel.
925 3785 1157 3841 Victoris
1193 3786 1439 3839 indicant.

514 3874 597 3926 De
631 3874 835 3927 manub.
876 3874 1121 3927 Cimbric.
1154 3874 1329 3943 Aliqui
1368 3875 1515 3926 codd.
1553 3875 1711 3927 Gorio
1745 3879 1911 3927 teste:
1946 3875 2148 3927 virtute
2177 3880 2227 3926 et
2252 3874 2369 3926 vic-

379 3967 485 4014 tor.
521 3966 755 4030 tanquam
789 3964 1033 4031 templum
1067 3962 1224 4016 etiam
1252 3961 1517 4016 Victoriae
1552 3962 1838 4016 dedicatum
1862 3965 2025 4027 esset,
2059 3964 2188 4031 quod
2213 3977 2369 4015 secus
