2674 4449
1231 310 1321 378 49

284 495 477 576 elogia
515 511 549 555 e
590 492 864 572 spissiori
902 490 1201 552 volumine
1238 490 1515 553 desumta
1548 495 1710 562 sunt,
1766 488 1926 570 quod
1969 508 2078 570 per
2119 492 2278 555 Wal-

282 610 456 672 halae
487 606 859 669 conditorem
890 610 964 666 ut
1003 621 1039 664 e
1066 621 1265 666 rerum
1298 611 1596 684 gestarum
1623 604 2067 666 commentariis
2098 612 2157 667 et
2188 623 2283 667 ex-

283 725 627 787 cellentium
653 722 911 786 virorum
940 722 1075 785 vitis
1108 729 1452 802 congestum
1485 726 1600 793 est,
1638 721 1717 784 ita
1745 738 1857 783 nec
1890 722 2014 783 suis
2043 720 2280 783 dotibus

283 844 462 900 caret.

459 949 633 1011 Fama
666 946 817 1028 apud
847 946 1125 1028 aequales
1153 963 1363 1025 pamm
1404 954 1523 1019 est,
1561 963 1758 1026 neque
1798 949 1859 1009 in
1900 947 2089 1027 gloria
2129 946 2284 1027 apud

282 1068 558 1144 posteros
592 1063 785 1123 omnia
803 1067 966 1131 sunt3
997 1077 1106 1121 sua
1127 1061 1418 1140 cuiusque
1437 1062 1619 1123 virtus
1636 1059 1875 1139 plurimi
1898 1061 2283 1130 aestimanda,

283 1191 427 1254 prae
458 1192 572 1254 qua
602 1175 797 1236 omnia
824 1172 1050 1252 reliqua
1081 1171 1349 1234 sordent.
1441 1170 1641 1237 Virtus
1680 1191 1781 1235 res
1821 1178 1912 1235 est
1956 1173 2102 1245 sola,
2134 1189 2287 1252 quae

284 1305 579 1367 nunquam
607 1306 718 1349 nos
752 1285 1006 1358 deserit,
1039 1285 1194 1348 haud
1229 1302 1406 1348 secus
1441 1303 1618 1366 quam
1646 1303 1820 1347 mens
1850 1288 1980 1366 ipsa
2009 1288 2070 1347 in
2098 1293 2284 1348 aeter-

282 1419 424 1464 num
452 1402 744 1465 duratura.
2173 1388 2176 1389 ἦ

1047 1687 1524 1792 Arminius.

458 1862 769 1945 Nunquam
810 1867 872 1927 in
916 1864 1230 1928 Germania
1269 1865 1524 1952 ¹Romani
1573 1881 1608 1926 a
1654 1880 1950 1944 quoquam
1988 1863 2290 1926 Germano

290 1984 408 2039 tam
451 1976 823 2065 gravijclade
874 1999 1052 2060 quam
1100 1984 1160 2042 in
1190 1980 1668 2059 Teutoburgensi
1709 1980 1868 2042 ¹saltu
1914 1978 1998 2042 ab
2019 1980 2294 2043 Arminio

287 2093 492 2162 afflicti
533 2104 694 2169 sunt3
739 2097 839 2177 qui
879 2087 1146 2176 Angusto
1193 2097 1538 2175 imperatori
1575 2111 1852 2156 moerore
1884 2092 2158 2156 confecto
2185 2111 2288 2156 vo-

285 2226 420 2272 cem
467 2209 655 2273 illam:
699 2207 918 2284 „redde
949 2208 1094 2271 mihi
1124 2226 1320 2281 meas,
1372 2208 1553 2280 vare,
1597 2206 1864 2288 legiones
1886 2212 1942 2287 ‚“
1975 2207 2287 2289 expressit.

285 2327 584 2389 Arminius
617 2343 650 2387 a
678 2326 960 2387 Romanis
991 2327 1081 2386 rei
1111 2324 1379 2386 militaris
1413 2323 1721 2386 scientiam
1749 2322 1975 2385 iuvenis
2008 2321 2289 2393 edoctu,s;

266 2438 562 2501 .vincendi
591 2438 841 2515 peritus,
872 2435 1095 2498 inscius
1126 2437 1370 2500 victoria
1396 2438 1506 2508 uti,
1549 2434 1708 2517 quod
1740 2435 1980 2516 quidem
2011 2435 2290 2498 Germani

293 2554 534 2615 omnino
566 2569 863 2632 nunquam
902 2551 1184 2616 didicere.
1280 2552 1670 2617 Germanicae
1711 2552 1912 2633 stirpis
1951 2553 2012 2616 in
2053 2554 2292 2642 sinistra

291 2668 482 2732 Rheni
520 2670 645 2750 ripa
683 2668 885 2751 populi
925 2667 1140 2734 frustra
1167 2688 1237 2733 ex
1266 2669 1379 2733 hac
1406 2669 1654 2733 victoria
1684 2669 2017 2733 libertatem
2048 2686 2290 2749 exspec-

288 2791 584 2858 taverunt,
634 2785 774 2849 dnm
805 2786 1081 2851 Germani
1110 2788 1227 2849 iam
1256 2793 1382 2850 tum
1409 2786 1469 2850 in
1512 2765 1747 2850 exteros
1788 2787 2103 2867 obsequio,
2153 2782 2290 2848 odio

288 2895 349 2957 in
397 2914 538 2958 suos
580 2904 943 2976 grassantum
981 2900 1306 2961 inveterata
1351 2900 1488 2961 huic
1528 2900 1702 2978 genti.
1725 2905 1785 2960 et
1829 2899 2130 2962 communi
2158 2916 2292 2961 cum

290 3010 583 3071 veteribus
617 3009 862 3073 Graecis
891 3009 1045 3073 labe.
1137 3011 1442 3075 Arminius
1487 3031 1522 3076 a
1550 3012 1797 3093 Segeste
1840 3030 2053 3075 socero
2092 3009 2296 3092 prodi-

289 3129 411 3195 tuS,
461 3123 580 3186 filia
613 3095 877 3204 Segestis
911 3125 1240 3206 eademque
1271 3127 1521 3191 Arminii
1560 3145 1706 3190 uxor
1742 3127 1992 3190 vinculis
2028 3124 2291 3188 romanis

288 3234 516 3299 tradita.
628 3235 801 3309 Quod
864 3239 1043 3300 armis
1094 3239 1346 3301 Romani
1392 3239 1808 3320 nequiverant,
1862 3237 2001 3301 dolo
2037 3219 2296 3317 ‘assequi

291 3345 664 3420 studuerunt,
717 3347 1045 3439 Germanos
1108 3349 1184 3413 ad
1238 3350 1606 3415 discordiam
1667 3351 2020 3425 inliciendo;
2077 3351 2297 3431 insigni

290 3481 575 3527 successu
607 3471 667 3526 et
696 3463 856 3527 fatali
888 3464 962 3527 ad
990 3473 1268 3545 posteros
1311 3469 1601 3549 exemplo.
1694 3467 2023 3549 Pugnatum
2060 3468 2298 3547 ancipiti

290 3574 540 3660 fortuna.
622 3576 874 3638 Patriam
904 3576 1201 3642 Arminius
1242 3568 1306 3641 ut
1336 3597 1371 3641 a
1399 3579 1685 3666 Romanis
1720 3581 1809 3643 sic
1843 3600 1876 3644 a
1904 3579 2295 3653 Maroboduo,

290 3691 556 3769 populari
588 3709 723 3763 suo,
755 3690 1093 3756 vindicavit.
1183 3692 1561 3756 Postremum
1590 3699 1649 3756 et
1677 3697 1809 3776 ipse
1833 3694 2300 3758 dominationem

292 3802 566 3867 affectare
608 3803 980 3886 Suspectatus
1029 3805 1258 3868 crimen
1297 3806 1514 3887 siquod
1554 3806 1665 3871 fuit
1703 3815 1895 3871 morte
1934 3809 2201 3889 expiavit,
2232 3806 2300 3867 il-

293 3917 408 3980 lata
441 3917 551 3979 sibi
583 3936 615 3980 a
645 3920 1026 4001 popularibus
1058 3938 1236 3994 nece,
1280 3922 1468 4001 gloria
1500 3922 1655 4003 apud
1685 3924 1996 3987 universos
2042 3928 2295 3986 aeterna.

396 4111 550 4169 zell,
587 4110 715 4170 mog.
742 4124 859 4162 rom.
884 4114 970 4186 rel.
1832 4100 1880 4169 4
