<?xml version="1.0" encoding="UTF-8"?>
<!DOCTYPE html PUBLIC "-//W3C//DTD XHTML 1.0 Transitional//EN"
    "http://www.w3.org/TR/xhtml1/DTD/xhtml1-transitional.dtd">
<html xmlns="http://www.w3.org/1999/xhtml" xml:lang="en" lang="en">
 <head>
  <title>
</title>
<meta http-equiv="Content-Type" content="text/html;charset=utf-8" />
  <meta name='ocr-system' content='tesseract 3.04.00' />
  <meta name='ocr-capabilities' content='ocr_page ocr_carea ocr_par ocr_line ocrx_word'/>
</head>
<body>
  <div class='ocr_page' id='page_1' title='image "./elogiorumromano00bavagoog_0039.png"; bbox 0 0 2674 4449; ppageno 0'>
   <div class='ocr_carea' id='block_1_1' title="bbox 1246 310 1343 384">
    <p class='ocr_par' dir='ltr' id='par_1_1' title="bbox 1246 310 1343 384">
     <span class='ocr_line' id='line_1_1' title="bbox 1246 310 1343 384; baseline 0 0"><span class='ocrx_word' id='word_1_1' title='bbox 1246 310 1343 384; x_wconf 78' lang='lat'><strong>35³</strong></span> 
     </span>
    </p>
   </div>
   <div class='ocr_carea' id='block_1_2' title="bbox 272 489 2382 1842">
    <p class='ocr_par' dir='ltr' id='par_1_2' title="bbox 272 489 2376 1161">
     <span class='ocr_line' id='line_1_2' title="bbox 272 489 2303 563; baseline 0.001 -18"><span class='ocrx_word' id='word_1_2' title='bbox 272 490 461 559; x_wconf 72' lang='lat' dir='ltr'><strong>ligere,</strong></span> <span class='ocrx_word' id='word_1_3' title='bbox 496 489 589 563; x_wconf 71' lang='lat' dir='ltr'><strong>qui</strong></span> <span class='ocrx_word' id='word_1_4' title='bbox 615 490 859 560; x_wconf 73' lang='lat' dir='ltr'><strong>virgines</strong></span> <span class='ocrx_word' id='word_1_5' title='bbox 896 508 1150 562; x_wconf 82' lang='lat' dir='ltr'><strong>sacraque</strong></span> <span class='ocrx_word' id='word_1_6' title='bbox 1183 492 1239 545; x_wconf 89' lang='lat' dir='ltr'><strong>in</strong></span> <span class='ocrx_word' id='word_1_7' title='bbox 1264 492 1560 560; x_wconf 77' lang='lat' dir='ltr'><strong>plaustrum</strong></span> <span class='ocrx_word' id='word_1_8' title='bbox 1585 506 1739 546; x_wconf 83' lang='lat' dir='ltr'><strong>suum</strong></span> <span class='ocrx_word' id='word_1_9' title='bbox 1770 491 2022 560; x_wconf 75' lang='lat' dir='ltr'><strong>imposuit</strong></span> <span class='ocrx_word' id='word_1_10' title='bbox 2061 497 2116 546; x_wconf 87' lang='lat' dir='ltr'><strong>et</strong></span> <span class='ocrx_word' id='word_1_11' title='bbox 2133 490 2303 547; x_wconf 73' lang='lat' dir='ltr'><strong>Caere</strong></span> 
     </span>
     <span class='ocr_line' id='line_1_3' title="bbox 273 576 2308 646; baseline 0.001 -17"><span class='ocrx_word' id='word_1_12' title='bbox 273 578 529 644; x_wconf 77' lang='lat' dir='ltr'><strong>pervexit.</strong></span> <span class='ocrx_word' id='word_1_13' title='bbox 601 579 711 633; x_wconf 83' lang='lat' dir='ltr'><strong>Sed</strong></span> <span class='ocrx_word' id='word_1_14' title='bbox 757 579 969 633; x_wconf 77' lang='lat' dir='ltr'><strong>Livium</strong></span> <span class='ocrx_word' id='word_1_15' title='bbox 1020 579 1289 633; x_wconf 82' lang='lat' dir='ltr'><strong>audiamus</strong></span> <span class='ocrx_word' id='word_1_16' title='bbox 1326 579 1405 631; x_wconf 85' lang='lat' dir='ltr'><strong>ita</strong></span> <span class='ocrx_word' id='word_1_17' title='bbox 1437 583 1738 631; x_wconf 86' lang='lat' dir='ltr'><strong>narrantem</strong></span> <span class='ocrx_word' id='word_1_18' title='bbox 1779 576 1843 641; x_wconf 87' lang='lat' dir='ltr'><strong>(l.</strong></span> <span class='ocrx_word' id='word_1_19' title='bbox 1882 576 1986 642; x_wconf 79' lang='lat' dir='ltr'><strong>l.)=</strong></span> <span class='ocrx_word' id='word_1_20' title='bbox 2056 578 2308 646; x_wconf 77' lang='lat' dir='ltr'>„Flamen</span> 
     </span>
     <span class='ocr_line' id='line_1_4' title="bbox 274 662 2376 735; baseline 0.001 -20"><span class='ocrx_word' id='word_1_21' title='bbox 274 662 486 717; x_wconf 81' lang='lat' dir='ltr'><strong>interim</strong></span> <span class='ocrx_word' id='word_1_22' title='bbox 520 663 832 731; x_wconf 67' lang='lat' dir='ltr'><strong>{Quirinalis</strong></span> <span class='ocrx_word' id='word_1_23' title='bbox 886 666 1228 735; x_wconf 71' lang='lat' dir='ltr'><strong>virginesque</strong></span> <span class='ocrx_word' id='word_1_24' title='bbox 1296 665 1552 721; x_wconf 73' lang='lat' dir='ltr'><strong>Vestales</strong></span> <span class='ocrx_word' id='word_1_25' title='bbox 1608 666 1813 717; x_wconf 85' lang='lat' dir='ltr'><strong>omissa</strong></span> <span class='ocrx_word' id='word_1_26' title='bbox 1865 679 2040 717; x_wconf 88' lang='lat' dir='ltr'><strong>rerum</strong></span> <span class='ocrx_word' id='word_1_27' title='bbox 2093 680 2309 718; x_wconf 89' lang='lat' dir='ltr'><strong>suarum</strong></span> <span class='ocrx_word' id='word_1_28' title='bbox 2367 682 2376 686; x_wconf 87' lang='lat'><strong>·</strong></span> 
     </span>
     <span class='ocr_line' id='line_1_5' title="bbox 281 749 2313 819; baseline 0 -16"><span class='ocrx_word' id='word_1_29' title='bbox 281 764 442 817; x_wconf 87' lang='lat' dir='ltr'><strong>cura,</strong></span> <span class='ocrx_word' id='word_1_30' title='bbox 499 766 632 819; x_wconf 78' lang='lat' dir='ltr'><strong>quae</strong></span> <span class='ocrx_word' id='word_1_31' title='bbox 668 767 947 806; x_wconf 85' lang='lat' dir='ltr'><strong>sacrorum</strong></span> <span class='ocrx_word' id='word_1_32' title='bbox 983 767 1162 805; x_wconf 86' lang='lat' dir='ltr'><strong>secum</strong></span> <span class='ocrx_word' id='word_1_33' title='bbox 1195 753 1451 819; x_wconf 81' lang='lat' dir='ltr'><strong>ferenda,</strong></span> <span class='ocrx_word' id='word_1_34' title='bbox 1501 767 1632 819; x_wconf 78' lang='lat' dir='ltr'><strong>quae</strong></span> <span class='ocrx_word' id='word_1_35' title='bbox 1669 749 1821 818; x_wconf 76' lang='lat' dir='ltr'><strong>(quia</strong></span> <span class='ocrx_word' id='word_1_36' title='bbox 1853 750 2001 803; x_wconf 83' lang='lat' dir='ltr'><strong>vires</strong></span> <span class='ocrx_word' id='word_1_37' title='bbox 2039 749 2107 804; x_wconf 91' lang='lat' dir='ltr'><strong>ad</strong></span> <span class='ocrx_word' id='word_1_38' title='bbox 2142 753 2313 804; x_wconf 85' lang='lat' dir='ltr'><strong>omnia</strong></span> 
     </span>
     <span class='ocr_line' id='line_1_6' title="bbox 277 835 2309 907; baseline 0.002 -21"><span class='ocrx_word' id='word_1_39' title='bbox 277 835 499 887; x_wconf 75' lang='lat' dir='ltr'><strong>ferenda</strong></span> <span class='ocrx_word' id='word_1_40' title='bbox 543 835 789 902; x_wconf 76' lang='lat' dir='ltr'><strong>deerant)</strong></span> <span class='ocrx_word' id='word_1_41' title='bbox 834 838 1141 906; x_wconf 85' lang='lat' dir='ltr'><strong>reliquenda</strong></span> <span class='ocrx_word' id='word_1_42' title='bbox 1188 853 1316 890; x_wconf 85' lang='lat' dir='ltr'><strong>esse</strong></span> <span class='ocrx_word' id='word_1_43' title='bbox 1364 837 1766 904; x_wconf 86' lang='lat' dir='ltr'><strong>consultantes,</strong></span> <span class='ocrx_word' id='word_1_44' title='bbox 1820 836 2007 907; x_wconf 79' lang='lat' dir='ltr'><strong>quisve</strong></span> <span class='ocrx_word' id='word_1_45' title='bbox 2056 853 2121 891; x_wconf 88' lang='lat' dir='ltr'><strong>ea</strong></span> <span class='ocrx_word' id='word_1_46' title='bbox 2157 839 2309 891; x_wconf 88' lang='lat' dir='ltr'><strong>loeus</strong></span> 
     </span>
     <span class='ocr_line' id='line_1_7' title="bbox 276 918 2311 990; baseline 0 -16"><span class='ocrx_word' id='word_1_47' title='bbox 276 922 422 974; x_wconf 80' lang='lat' dir='ltr'><strong>fideli</strong></span> <span class='ocrx_word' id='word_1_48' title='bbox 476 927 859 977; x_wconf 81' lang='lat' dir='ltr'><strong>asservaturus</strong></span> <span class='ocrx_word' id='word_1_49' title='bbox 909 924 1154 977; x_wconf 82' lang='lat' dir='ltr'><strong>custodia</strong></span> <span class='ocrx_word' id='word_1_50' title='bbox 1199 929 1385 990; x_wconf 80' lang='lat' dir='ltr'><strong>esset3</strong></span> <span class='ocrx_word' id='word_1_51' title='bbox 1437 924 1683 989; x_wconf 76' lang='lat' dir='ltr'><strong>optimum</strong></span> <span class='ocrx_word' id='word_1_52' title='bbox 1720 918 1942 987; x_wconf 75' lang='lat' dir='ltr'><strong>ducunt,</strong></span> <span class='ocrx_word' id='word_1_53' title='bbox 2008 925 2223 977; x_wconf 82' lang='lat' dir='ltr'><strong>condita</strong></span> <span class='ocrx_word' id='word_1_54' title='bbox 2256 923 2311 975; x_wconf 90' lang='lat' dir='ltr'><strong>in</strong></span> 
     </span>
     <span class='ocr_line' id='line_1_8' title="bbox 281 1006 2310 1077; baseline 0.001 -19"><span class='ocrx_word' id='word_1_55' title='bbox 281 1006 493 1059; x_wconf 88' lang='lat' dir='ltr'><strong>doliolis</strong></span> <span class='ocrx_word' id='word_1_56' title='bbox 532 1010 729 1061; x_wconf 83' lang='lat' dir='ltr'><strong>sacello</strong></span> <span class='ocrx_word' id='word_1_57' title='bbox 765 1009 998 1077; x_wconf 72' lang='lat' dir='ltr'><strong>proximo</strong></span> <span class='ocrx_word' id='word_1_58' title='bbox 1037 1009 1257 1061; x_wconf 80' lang='lat' dir='ltr'><strong>aedibus</strong></span> <span class='ocrx_word' id='word_1_59' title='bbox 1292 1007 1524 1073; x_wconf 80' lang='lat' dir='ltr'><strong>flaminis</strong></span> <span class='ocrx_word' id='word_1_60' title='bbox 1561 1006 1883 1073; x_wconf 69' lang='lat' dir='ltr'><strong>Quirinalia,</strong></span> <span class='ocrx_word' id='word_1_61' title='bbox 1927 1006 2015 1061; x_wconf 86' lang='lat' dir='ltr'><strong>ubi</strong></span> <span class='ocrx_word' id='word_1_62' title='bbox 2048 1024 2183 1060; x_wconf 86' lang='lat' dir='ltr'><strong>nunc</strong></span> <span class='ocrx_word' id='word_1_63' title='bbox 2215 1024 2310 1061; x_wconf 85' lang='lat' dir='ltr'><strong>re-</strong></span> 
     </span>
     <span class='ocr_line' id='line_1_9' title="bbox 277 1090 2311 1161; baseline 0.001 -19"><span class='ocrx_word' id='word_1_64' title='bbox 277 1090 407 1159; x_wconf 79' lang='lat' dir='ltr'><strong>ligio</strong></span> <span class='ocrx_word' id='word_1_65' title='bbox 447 1097 533 1145; x_wconf 88' lang='lat' dir='ltr'><strong>est</strong></span> <span class='ocrx_word' id='word_1_66' title='bbox 566 1095 844 1161; x_wconf 77' lang='lat' dir='ltr'><strong>despuere,</strong></span> <span class='ocrx_word' id='word_1_67' title='bbox 883 1094 1163 1158; x_wconf 79' lang='lat' dir='ltr'><strong>defodere3</strong></span> <span class='ocrx_word' id='word_1_68' title='bbox 1202 1096 1382 1143; x_wconf 85' lang='lat' dir='ltr'><strong>cetera</strong></span> <span class='ocrx_word' id='word_1_69' title='bbox 1416 1091 1557 1142; x_wconf 85' lang='lat' dir='ltr'><strong>inter</strong></span> <span class='ocrx_word' id='word_1_70' title='bbox 1592 1104 1654 1142; x_wconf 89' lang='lat' dir='ltr'><strong>se</strong></span> <span class='ocrx_word' id='word_1_71' title='bbox 1693 1106 1852 1144; x_wconf 89' lang='lat' dir='ltr'><strong>onere</strong></span> <span class='ocrx_word' id='word_1_72' title='bbox 1884 1093 2081 1158; x_wconf 77' lang='lat' dir='ltr'><strong>partito</strong></span> <span class='ocrx_word' id='word_1_73' title='bbox 2117 1095 2311 1161; x_wconf 78' lang='lat' dir='ltr'><strong>ferunt,</strong></span> 
     </span>
    </p>

    <p class='ocr_par' dir='ltr' id='par_1_3' title="bbox 275 1164 2382 1842">
     <span class='ocr_line' id='line_1_10' title="bbox 277 1164 2382 1249; baseline -0 -18"><span class='ocrx_word' id='word_1_74' title='bbox 277 1178 369 1231; x_wconf 79' lang='lat' dir='ltr'><strong>via</strong></span> <span class='ocrx_word' id='word_1_75' title='bbox 404 1196 532 1247; x_wconf 80' lang='lat' dir='ltr'><strong>quae</strong></span> <span class='ocrx_word' id='word_1_76' title='bbox 569 1180 795 1234; x_wconf 78' lang='lat' dir='ltr'><strong>sublicio</strong></span> <span class='ocrx_word' id='word_1_77' title='bbox 830 1182 990 1246; x_wconf 78' lang='lat' dir='ltr'><strong>ponte</strong></span> <span class='ocrx_word' id='word_1_78' title='bbox 1026 1177 1171 1229; x_wconf 83' lang='lat' dir='ltr'><strong>ducit</strong></span> <span class='ocrx_word' id='word_1_79' title='bbox 1204 1177 1278 1240; x_wconf 46' lang='lat' dir='ltr'><strong>ad,</strong></span> <span class='ocrx_word' id='word_1_80' title='bbox 1305 1173 1620 1228; x_wconf 83' lang='lat' dir='ltr'><strong>Janiculum.</strong></span> <span class='ocrx_word' id='word_1_81' title='bbox 1660 1175 1718 1227; x_wconf 86' lang='lat' dir='ltr'><strong>In</strong></span> <span class='ocrx_word' id='word_1_82' title='bbox 1756 1191 1818 1227; x_wconf 86' lang='lat' dir='ltr'><strong>eo</strong></span> <span class='ocrx_word' id='word_1_83' title='bbox 1856 1177 1994 1230; x_wconf 83' lang='lat' dir='ltr'><strong>clivo</strong></span> <span class='ocrx_word' id='word_1_84' title='bbox 2032 1193 2128 1230; x_wconf 88' lang='lat' dir='ltr'><strong>eas</strong></span> <span class='ocrx_word' id='word_1_85' title='bbox 2159 1195 2313 1249; x_wconf 80' lang='lat' dir='ltr'><strong>quum</strong></span> <span class='ocrx_word' id='word_1_86' title='bbox 2378 1164 2382 1169; x_wconf 34' lang='lat'><em>⁹</em></span> 
     </span>
     <span class='ocr_line' id='line_1_11' title="bbox 279 1260 2312 1328; baseline 0.001 -14"><span class='ocrx_word' id='word_1_87' title='bbox 279 1265 344 1314; x_wconf 82' lang='lat'><strong>1..</strong></span> <span class='ocrx_word' id='word_1_88' title='bbox 380 1265 658 1328; x_wconf 77' lang='lat' dir='ltr'><strong>Albinius,</strong></span> <span class='ocrx_word' id='word_1_89' title='bbox 696 1269 761 1314; x_wconf 82' lang='lat' dir='ltr'><strong>de</strong></span> <span class='ocrx_word' id='word_1_90' title='bbox 795 1265 950 1328; x_wconf 71' lang='lat' dir='ltr'><strong>plebe</strong></span> <span class='ocrx_word' id='word_1_91' title='bbox 986 1278 1202 1315; x_wconf 85' lang='lat' dir='ltr'><strong>romana</strong></span> <span class='ocrx_word' id='word_1_92' title='bbox 1234 1262 1418 1326; x_wconf 87' lang='lat' dir='ltr'><strong>homo,</strong></span> <span class='ocrx_word' id='word_1_93' title='bbox 1470 1260 1861 1326; x_wconf 73' lang='lat' dir='ltr'><strong>conspexisset,</strong></span> <span class='ocrx_word' id='word_1_94' title='bbox 1897 1264 2141 1328; x_wconf 81' lang='lat' dir='ltr'><strong>plaustro</strong></span> <span class='ocrx_word' id='word_1_95' title='bbox 2180 1280 2312 1317; x_wconf 92' lang='lat' dir='ltr'><strong>oon-</strong></span> 
     </span>
     <span class='ocr_line' id='line_1_12' title="bbox 279 1346 2309 1413; baseline 0.001 -15"><span class='ocrx_word' id='word_1_96' title='bbox 279 1346 454 1413; x_wconf 79' lang='lat' dir='ltr'><strong>iugem</strong></span> <span class='ocrx_word' id='word_1_97' title='bbox 507 1365 568 1402; x_wconf 88' lang='lat' dir='ltr'><strong>ao</strong></span> <span class='ocrx_word' id='word_1_98' title='bbox 609 1348 809 1401; x_wconf 82' lang='lat' dir='ltr'><strong>liberos</strong></span> <span class='ocrx_word' id='word_1_99' title='bbox 845 1347 1048 1398; x_wconf 81' lang='lat' dir='ltr'><strong>vehens</strong></span> <span class='ocrx_word' id='word_1_100' title='bbox 1085 1347 1223 1398; x_wconf 88' lang='lat' dir='ltr'><strong>inter</strong></span> <span class='ocrx_word' id='word_1_101' title='bbox 1257 1352 1489 1399; x_wconf 84' lang='lat' dir='ltr'><strong>ceteram</strong></span> <span class='ocrx_word' id='word_1_102' title='bbox 1524 1346 1729 1397; x_wconf 82' lang='lat' dir='ltr'><strong>turbam</strong></span> <span class='ocrx_word' id='word_1_103' title='bbox 1766 1362 1898 1413; x_wconf 87' lang='lat' dir='ltr'><strong>quae</strong></span> <span class='ocrx_word' id='word_1_104' title='bbox 1931 1348 2138 1399; x_wconf 88' lang='lat' dir='ltr'><strong>inutilis</strong></span> <span class='ocrx_word' id='word_1_105' title='bbox 2171 1350 2309 1401; x_wconf 89' lang='lat' dir='ltr'><strong>bello</strong></span> 
     </span>
     <span class='ocr_line' id='line_1_13' title="bbox 278 1429 2310 1486; baseline 0 -1"><span class='ocrx_word' id='word_1_106' title='bbox 278 1434 405 1485; x_wconf 87' lang='lat' dir='ltr'><strong>urbe</strong></span> <span class='ocrx_word' id='word_1_107' title='bbox 458 1435 774 1486; x_wconf 73' lang='lat' dir='ltr'><strong>excedebat:</strong></span> <span class='ocrx_word' id='word_1_108' title='bbox 826 1434 979 1484; x_wconf 82' lang='lat' dir='ltr'><strong>salvo</strong></span> <span class='ocrx_word' id='word_1_109' title='bbox 1027 1430 1182 1483; x_wconf 85' lang='lat' dir='ltr'><strong>etiam</strong></span> <span class='ocrx_word' id='word_1_110' title='bbox 1230 1436 1346 1482; x_wconf 72' lang='lat' dir='ltr'><strong>tum</strong></span> <span class='ocrx_word' id='word_1_111' title='bbox 1382 1429 1686 1484; x_wconf 78' lang='lat' dir='ltr'><strong>discrimine</strong></span> <span class='ocrx_word' id='word_1_112' title='bbox 1723 1431 2015 1485; x_wconf 84' lang='lat' dir='ltr'><strong>divinarum</strong></span> <span class='ocrx_word' id='word_1_113' title='bbox 2050 1433 2310 1486; x_wconf 84' lang='lat' dir='ltr'><strong>humana·—</strong></span> 
     </span>
     <span class='ocr_line' id='line_1_14' title="bbox 275 1508 2311 1588; baseline 0 -18"><span class='ocrx_word' id='word_1_114' title='bbox 275 1532 491 1586; x_wconf 79' lang='lat' dir='ltr'><strong>rnmque</strong></span> <span class='ocrx_word' id='word_1_115' title='bbox 540 1533 718 1571; x_wconf 88' lang='lat' dir='ltr'><strong>rerum</strong></span> <span class='ocrx_word' id='word_1_116' title='bbox 752 1516 1068 1582; x_wconf 75' lang='lat' dir='ltr'><strong>religiosum</strong></span> <span class='ocrx_word' id='word_1_117' title='bbox 1099 1519 1251 1568; x_wconf 85' lang='lat' dir='ltr'><strong>ratus</strong></span> <span class='ocrx_word' id='word_1_118' title='bbox 1289 1508 1603 1568; x_wconf 67' lang='lat' dir='ltr'><strong>sacerdotes</strong></span> <span class='ocrx_word' id='word_1_119' title='bbox 1639 1517 1877 1583; x_wconf 75' lang='lat' dir='ltr'><strong>publicos</strong></span> <span class='ocrx_word' id='word_1_120' title='bbox 1914 1533 2175 1588; x_wconf 79' lang='lat' dir='ltr'><strong>sacraque</strong></span> <span class='ocrx_word' id='word_1_121' title='bbox 2208 1535 2311 1585; x_wconf 77' lang='lat' dir='ltr'><strong>po-</strong></span> 
     </span>
     <span class='ocr_line' id='line_1_15' title="bbox 275 1601 2311 1671; baseline 0 -17"><span class='ocrx_word' id='word_1_122' title='bbox 275 1603 385 1668; x_wconf 76' lang='lat' dir='ltr'><strong>puli</strong></span> <span class='ocrx_word' id='word_1_123' title='bbox 420 1603 625 1656; x_wconf 86' lang='lat' dir='ltr'><strong>romani</strong></span> <span class='ocrx_word' id='word_1_124' title='bbox 657 1602 880 1669; x_wconf 77' lang='lat' dir='ltr'><strong>pedibus</strong></span> <span class='ocrx_word' id='word_1_125' title='bbox 919 1601 997 1653; x_wconf 84' lang='lat' dir='ltr'><strong>ire</strong></span> <span class='ocrx_word' id='word_1_126' title='bbox 1031 1601 1297 1670; x_wconf 76' lang='lat' dir='ltr'><strong>ferrique,</strong></span> <span class='ocrx_word' id='word_1_127' title='bbox 1335 1615 1399 1651; x_wconf 85' lang='lat' dir='ltr'><strong>se</strong></span> <span class='ocrx_word' id='word_1_128' title='bbox 1438 1615 1501 1652; x_wconf 87' lang='lat' dir='ltr'><strong>ac</strong></span> <span class='ocrx_word' id='word_1_129' title='bbox 1536 1615 1634 1651; x_wconf 89' lang='lat' dir='ltr'><strong>suo</strong></span> <span class='ocrx_word' id='word_1_130' title='bbox 1667 1602 1723 1661; x_wconf 84' lang='lat' dir='ltr'><strong>in</strong></span> <span class='ocrx_word' id='word_1_131' title='bbox 1756 1602 2001 1656; x_wconf 83' lang='lat' dir='ltr'><strong>vehiculo</strong></span> <span class='ocrx_word' id='word_1_132' title='bbox 2039 1604 2278 1670; x_wconf 78' lang='lat' dir='ltr'><strong>conspici</strong></span> <span class='ocrx_word' id='word_1_133' title='bbox 2290 1622 2311 1671; x_wconf 80' lang='lat'><em>3</em></span> 
     </span>
     <span class='ocr_line' id='line_1_16' title="bbox 276 1686 2311 1757; baseline 0.002 -19"><span class='ocrx_word' id='word_1_134' title='bbox 276 1686 602 1740; x_wconf 78' lang='lat' dir='ltr'><strong>descendere</strong></span> <span class='ocrx_word' id='word_1_135' title='bbox 653 1702 867 1740; x_wconf 87' lang='lat' dir='ltr'><strong>uxorem</strong></span> <span class='ocrx_word' id='word_1_136' title='bbox 902 1702 968 1739; x_wconf 86' lang='lat' dir='ltr'><strong>ao</strong></span> <span class='ocrx_word' id='word_1_137' title='bbox 1004 1702 1201 1755; x_wconf 78' lang='lat' dir='ltr'><strong>pueros</strong></span> <span class='ocrx_word' id='word_1_138' title='bbox 1238 1687 1437 1748; x_wconf 84' lang='lat' dir='ltr'><strong>iussit,</strong></span> <span class='ocrx_word' id='word_1_139' title='bbox 1487 1686 1726 1751; x_wconf 80' lang='lat' dir='ltr'><strong>virgines</strong></span> <span class='ocrx_word' id='word_1_140' title='bbox 1763 1697 2025 1757; x_wconf 79' lang='lat' dir='ltr'><strong>sacraque</strong></span> <span class='ocrx_word' id='word_1_141' title='bbox 2060 1689 2114 1740; x_wconf 88' lang='lat' dir='ltr'><strong>in</strong></span> <span class='ocrx_word' id='word_1_142' title='bbox 2149 1690 2311 1756; x_wconf 76' lang='lat' dir='ltr'><strong>plau-</strong></span> 
     </span>
     <span class='ocr_line' id='line_1_17' title="bbox 277 1771 2244 1842; baseline 0.001 -17"><span class='ocrx_word' id='word_1_143' title='bbox 277 1777 446 1825; x_wconf 81' lang='lat' dir='ltr'><strong>strum</strong></span> <span class='ocrx_word' id='word_1_144' title='bbox 480 1773 748 1841; x_wconf 80' lang='lat' dir='ltr'><strong>imposuit,</strong></span> <span class='ocrx_word' id='word_1_145' title='bbox 787 1775 841 1825; x_wconf 91' lang='lat' dir='ltr'><strong>et</strong></span> <span class='ocrx_word' id='word_1_146' title='bbox 874 1772 1058 1840; x_wconf 82' lang='lat' dir='ltr'><strong>Caere,</strong></span> <span class='ocrx_word' id='word_1_147' title='bbox 1096 1788 1194 1841; x_wconf 77' lang='lat' dir='ltr'><strong>quo</strong></span> <span class='ocrx_word' id='word_1_148' title='bbox 1231 1773 1336 1825; x_wconf 86' lang='lat' dir='ltr'><strong>iter</strong></span> <span class='ocrx_word' id='word_1_149' title='bbox 1373 1772 1744 1826; x_wconf 85' lang='lat' dir='ltr'><strong>sacerdotibus</strong></span> <span class='ocrx_word' id='word_1_150' title='bbox 1782 1780 1916 1842; x_wconf 86' lang='lat' dir='ltr'><strong>erat,</strong></span> <span class='ocrx_word' id='word_1_151' title='bbox 1954 1771 2244 1842; x_wconf 81' lang='lat' dir='ltr'><strong>pervexit.“</strong></span> 
     </span>
    </p>
   </div>
   <div class='ocr_carea' id='block_1_3' title="bbox 1129 1915 1453 1928">
    <p class='ocr_par' dir='ltr' id='par_1_4' title="bbox 1129 1915 1453 1928">
     <span class='ocr_line' id='line_1_18' title="bbox 1129 1915 1453 1928; baseline 0 0"><span class='ocrx_word' id='word_1_152' title='bbox 1129 1915 1453 1928; x_wconf 95' lang='lat' dir='ltr'><strong> </strong></span> 
     </span>
    </p>
   </div>
   <div class='ocr_carea' id='block_1_4' title="bbox 582 2005 1681 2531">
    <p class='ocr_par' dir='ltr' id='par_1_5' title="bbox 582 2005 1681 2531">
     <span class='ocr_line' id='line_1_19' title="bbox 582 2005 1579 2085; baseline 0 -18"><span class='ocrx_word' id='word_1_153' title='bbox 582 2036 601 2045; x_wconf 29' lang='grc' dir='ltr'>κ</span> <span class='ocrx_word' id='word_1_154' title='bbox 706 2051 721 2067; x_wconf 95' lang='grc'><strong>.</strong></span> <span class='ocrx_word' id='word_1_155' title='bbox 755 2052 770 2070; x_wconf 81' lang='lat'><strong>.</strong></span> <span class='ocrx_word' id='word_1_156' title='bbox 804 2051 821 2068; x_wconf 91' lang='lat'><strong>.</strong></span> <span class='ocrx_word' id='word_1_157' title='bbox 861 2051 876 2066; x_wconf 90' lang='lat'><strong>.</strong></span> <span class='ocrx_word' id='word_1_158' title='bbox 911 2005 1160 2067; x_wconf 81' lang='lat' dir='ltr'><strong>adorent</strong></span> <span class='ocrx_word' id='word_1_159' title='bbox 1192 2006 1477 2085; x_wconf 82' lang='lat' dir='ltr'><strong>capitolin</strong></span> <span class='ocrx_word' id='word_1_160' title='bbox 1512 2049 1527 2065; x_wconf 93' lang='lat'><strong>.</strong></span> <span class='ocrx_word' id='word_1_161' title='bbox 1563 2050 1579 2067; x_wconf 91' lang='lat'><strong>.</strong></span> 
     </span>
     <span class='ocr_line' id='line_1_20' title="bbox 706 2114 1595 2178; baseline -0.001 -1"><span class='ocrx_word' id='word_1_162' title='bbox 706 2162 721 2177; x_wconf 92' lang='lat'><strong>.</strong></span> <span class='ocrx_word' id='word_1_163' title='bbox 755 2162 770 2177; x_wconf 89' lang='lat'><strong>.</strong></span> <span class='ocrx_word' id='word_1_164' title='bbox 803 2160 818 2176; x_wconf 91' lang='lat'><strong>.</strong></span> <span class='ocrx_word' id='word_1_165' title='bbox 855 2161 869 2176; x_wconf 92' lang='lat'><strong>.</strong></span> <span class='ocrx_word' id='word_1_166' title='bbox 908 2114 1091 2178; x_wconf 81' lang='lat' dir='ltr'><strong>stales</strong></span> <span class='ocrx_word' id='word_1_167' title='bbox 1127 2116 1314 2177; x_wconf 84' lang='lat' dir='ltr'><strong>Caere</strong></span> <span class='ocrx_word' id='word_1_168' title='bbox 1351 2114 1595 2178; x_wconf 84' lang='lat' dir='ltr'><strong>deduxit</strong></span> 
     </span>
     <span class='ocr_line' id='line_1_21' title="bbox 705 2224 1681 2308; baseline -0.005 -18"><span class='ocrx_word' id='word_1_169' title='bbox 705 2271 721 2289; x_wconf 93' lang='lat'><strong>.</strong></span> <span class='ocrx_word' id='word_1_170' title='bbox 756 2271 772 2290; x_wconf 94' lang='lat'><strong>.</strong></span> <span class='ocrx_word' id='word_1_171' title='bbox 803 2272 819 2290; x_wconf 91' lang='lat'><strong>.</strong></span> <span class='ocrx_word' id='word_1_172' title='bbox 854 2272 869 2289; x_wconf 88' lang='lat'><strong>.</strong></span> <span class='ocrx_word' id='word_1_173' title='bbox 903 2245 1022 2308; x_wconf 84' lang='lat' dir='ltr'><strong>que</strong></span> <span class='ocrx_word' id='word_1_174' title='bbox 1054 2227 1206 2289; x_wconf 85' lang='lat' dir='ltr'><strong>ritus</strong></span> <span class='ocrx_word' id='word_1_175' title='bbox 1239 2224 1571 2289; x_wconf 83' lang='lat' dir='ltr'><strong>sollemnes</strong></span> <span class='ocrx_word' id='word_1_176' title='bbox 1603 2242 1681 2286; x_wconf 90' lang='lat' dir='ltr'><strong>ne</strong></span> 
     </span>
     <span class='ocr_line' id='line_1_22' title="bbox 707 2335 1641 2401; baseline -0.005 -1"><span class='ocrx_word' id='word_1_177' title='bbox 707 2382 723 2400; x_wconf 93' lang='lat'><strong>.</strong></span> <span class='ocrx_word' id='word_1_178' title='bbox 756 2382 772 2400; x_wconf 93' lang='lat'><strong>.</strong></span> <span class='ocrx_word' id='word_1_179' title='bbox 806 2382 822 2400; x_wconf 93' lang='lat'><strong>.</strong></span> <span class='ocrx_word' id='word_1_180' title='bbox 854 2343 1060 2401; x_wconf 86' lang='lat' dir='ltr'><strong>rentur</strong></span> <span class='ocrx_word' id='word_1_181' title='bbox 1090 2338 1256 2400; x_wconf 84' lang='lat' dir='ltr'><strong>curai</strong></span> <span class='ocrx_word' id='word_1_182' title='bbox 1284 2336 1404 2398; x_wconf 86' lang='lat' dir='ltr'><strong>sihi</strong></span> <span class='ocrx_word' id='word_1_183' title='bbox 1433 2335 1641 2397; x_wconf 79' lang='lat' dir='ltr'><strong>hahuit</strong></span> 
     </span>
     <span class='ocr_line' id='line_1_23' title="bbox 706 2443 1656 2531; baseline -0.002 -23"><span class='ocrx_word' id='word_1_184' title='bbox 706 2492 721 2508; x_wconf 91' lang='lat'><strong>.</strong></span> <span class='ocrx_word' id='word_1_185' title='bbox 756 2491 772 2511; x_wconf 87' lang='lat'><strong>.</strong></span> <span class='ocrx_word' id='word_1_186' title='bbox 804 2495 819 2511; x_wconf 92' lang='lat'><strong>.</strong></span> <span class='ocrx_word' id='word_1_187' title='bbox 854 2494 871 2511; x_wconf 96' lang='lat'><strong>.</strong></span> <span class='ocrx_word' id='word_1_188' title='bbox 907 2452 1072 2511; x_wconf 84' lang='lat' dir='ltr'><strong>erata</strong></span> <span class='ocrx_word' id='word_1_189' title='bbox 1101 2462 1275 2508; x_wconf 82' lang='lat' dir='ltr'><strong>saera</strong></span> <span class='ocrx_word' id='word_1_190' title='bbox 1304 2452 1368 2531; x_wconf 72' lang='lat' dir='ltr'><strong>et</strong></span> <span class='ocrx_word' id='word_1_191' title='bbox 1393 2443 1656 2525; x_wconf 84' lang='lat' dir='ltr'><strong>virgines</strong></span> 
     </span>
    </p>
   </div>
   <div class='ocr_carea' id='block_1_5' title="bbox 707 2562 1238 2624">
    <p class='ocr_par' dir='ltr' id='par_1_6' title="bbox 707 2562 1238 2624">
     <span class='ocr_line' id='line_1_24' title="bbox 707 2562 1238 2624; baseline 0.004 -3"><span class='ocrx_word' id='word_1_192' title='bbox 707 2604 927 2624; x_wconf 85' lang='grc'><strong>.....</strong></span> <span class='ocrx_word' id='word_1_193' title='bbox 962 2562 1238 2624; x_wconf 86' lang='lat' dir='ltr'><strong>exit...</strong></span> 
     </span>
    </p>
   </div>
   <div class='ocr_carea' id='block_1_6' title="bbox 271 2762 2309 3258">
    <p class='ocr_par' dir='ltr' id='par_1_7' title="bbox 271 2762 2309 3258">
     <span class='ocr_line' id='line_1_25' title="bbox 418 2762 2308 2831; baseline 0.001 -17"><span class='ocrx_word' id='word_1_194' title='bbox 418 2763 538 2815; x_wconf 84' lang='lat' dir='ltr'><strong>Lin.</strong></span> <span class='ocrx_word' id='word_1_195' title='bbox 578 2763 626 2812; x_wconf 88' lang='lat'><strong>1.</strong></span> <span class='ocrx_word' id='word_1_196' title='bbox 662 2763 946 2815; x_wconf 79' lang='lat' dir='ltr'><strong>Gruter...</strong></span> <span class='ocrx_word' id='word_1_197' title='bbox 977 2764 1182 2817; x_wconf 73' lang='lat' dir='ltr'><strong>iderint</strong></span> <span class='ocrx_word' id='word_1_198' title='bbox 1213 2762 1536 2830; x_wconf 71' lang='lat' dir='ltr'><strong>capitolium.</strong></span> <span class='ocrx_word' id='word_1_199' title='bbox 1575 2762 1851 2814; x_wconf 71' lang='lat' dir='ltr'><strong>Mai-ator.</strong></span> <span class='ocrx_word' id='word_1_200' title='bbox 1875 2799 1922 2814; x_wconf 91' lang='lat'><strong>..</strong></span> <span class='ocrx_word' id='word_1_201' title='bbox 1956 2762 2052 2814; x_wconf 75' lang='lat' dir='ltr'><strong>rm·</strong></span> <span class='ocrx_word' id='word_1_202' title='bbox 2087 2763 2308 2831; x_wconf 70' lang='lat' dir='ltr'><strong>Capito-</strong></span> 
     </span>
     <span class='ocr_line' id='line_1_26' title="bbox 281 2846 2309 2915; baseline 0 -14"><span class='ocrx_word' id='word_1_203' title='bbox 281 2848 396 2901; x_wconf 73' lang='lat' dir='ltr'><strong>lini.</strong></span> <span class='ocrx_word' id='word_1_204' title='bbox 435 2875 498 2885; x_wconf 90' lang='lat'>—</span> <span class='ocrx_word' id='word_1_205' title='bbox 535 2846 693 2900; x_wconf 80' lang='lat' dir='ltr'><strong>lin-2.</strong></span> <span class='ocrx_word' id='word_1_206' title='bbox 727 2847 992 2902; x_wconf 83' lang='lat' dir='ltr'><strong>Muratori</strong></span> <span class='ocrx_word' id='word_1_207' title='bbox 1029 2851 1079 2899; x_wconf 87' lang='lat'><strong>1.</strong></span> <span class='ocrx_word' id='word_1_208' title='bbox 1114 2847 1567 2901; x_wconf 57' lang='lat' dir='ltr'><strong>natalem—lin.</strong></span> <span class='ocrx_word' id='word_1_209' title='bbox 1602 2848 1658 2899; x_wconf 80' lang='lat'><strong>3.</strong></span> <span class='ocrx_word' id='word_1_210' title='bbox 1692 2847 1932 2900; x_wconf 80' lang='lat' dir='ltr'><strong>Murator</strong></span> <span class='ocrx_word' id='word_1_211' title='bbox 1946 2850 1995 2899; x_wconf 88' lang='lat'><strong>1.</strong></span> <span class='ocrx_word' id='word_1_212' title='bbox 2034 2849 2125 2915; x_wconf 76' lang='lat' dir='ltr'><strong>qm·</strong></span> <span class='ocrx_word' id='word_1_213' title='bbox 2140 2849 2309 2902; x_wconf 71' lang='lat' dir='ltr'><strong>ritus.</strong></span> 
     </span>
     <span class='ocr_line' id='line_1_27' title="bbox 274 2932 2309 3000; baseline 0.001 -15"><span class='ocrx_word' id='word_1_214' title='bbox 274 2961 339 2971; x_wconf 92' lang='grc'>-</span> <span class='ocrx_word' id='word_1_215' title='bbox 375 2933 469 2985; x_wconf 86' lang='lat' dir='ltr'><strong>lio.</strong></span> <span class='ocrx_word' id='word_1_216' title='bbox 507 2936 542 2985; x_wconf 79' lang='lat'>4</span> <span class='ocrx_word' id='word_1_217' title='bbox 576 2969 591 2985; x_wconf 92' lang='lat'><strong>.</strong></span> <span class='ocrx_word' id='word_1_218' title='bbox 615 2968 630 2986; x_wconf 94' lang='lat'><strong>.</strong></span> <span class='ocrx_word' id='word_1_219' title='bbox 655 2969 674 2988; x_wconf 91' lang='lat'><strong>.</strong></span> <span class='ocrx_word' id='word_1_220' title='bbox 725 2940 956 3000; x_wconf 69' lang='lat' dir='ltr'><strong>quantur</strong></span> <span class='ocrx_word' id='word_1_221' title='bbox 991 2934 1166 2986; x_wconf 73' lang='lat' dir='ltr'><strong>curai-</strong></span> <span class='ocrx_word' id='word_1_222' title='bbox 1239 2936 1453 2987; x_wconf 89' lang='lat' dir='ltr'><strong>Gruter.</strong></span> <span class='ocrx_word' id='word_1_223' title='bbox 1507 2932 1598 2984; x_wconf 86' lang='lat' dir='ltr'><strong>lin.</strong></span> <span class='ocrx_word' id='word_1_224' title='bbox 1650 2935 1703 2983; x_wconf 80' lang='lat'><strong>5.</strong></span> <span class='ocrx_word' id='word_1_225' title='bbox 1754 2932 1949 2987; x_wconf 77' lang='lat' dir='ltr'><strong>Gruter</strong></span> <span class='ocrx_word' id='word_1_226' title='bbox 1977 2972 1992 2988; x_wconf 95' lang='lat'><strong>.</strong></span> <span class='ocrx_word' id='word_1_227' title='bbox 2012 2971 2027 2986; x_wconf 91' lang='lat'><strong>.</strong></span> <span class='ocrx_word' id='word_1_228' title='bbox 2050 2972 2063 2986; x_wconf 94' lang='lat'><strong>.</strong></span> <span class='ocrx_word' id='word_1_229' title='bbox 2120 2941 2309 2987; x_wconf 72' lang='lat' dir='ltr'><strong>oerum</strong></span> 
     </span>
     <span class='ocr_line' id='line_1_28' title="bbox 272 3017 2307 3073; baseline -0.001 0"><span class='ocrx_word' id='word_1_230' title='bbox 272 3032 456 3073; x_wconf 67' lang='lat' dir='ltr'><strong>sacra.</strong></span> <span class='ocrx_word' id='word_1_231' title='bbox 493 3020 733 3070; x_wconf 85' lang='lat' dir='ltr'><strong>Murator</strong></span> <span class='ocrx_word' id='word_1_232' title='bbox 769 3021 818 3070; x_wconf 88' lang='lat'><strong>1.</strong></span> <span class='ocrx_word' id='word_1_233' title='bbox 855 3025 1130 3072; x_wconf 72' lang='lat' dir='ltr'><strong>venerata.</strong></span> <span class='ocrx_word' id='word_1_234' title='bbox 1167 3019 1429 3072; x_wconf 82' lang='lat' dir='ltr'><strong>Murator.</strong></span> <span class='ocrx_word' id='word_1_235' title='bbox 1463 3020 1499 3070; x_wconf 73' lang='lat'><strong><em>2</em></strong></span> <span class='ocrx_word' id='word_1_236' title='bbox 1522 3052 1538 3070; x_wconf 92' lang='lat'><strong>.</strong></span> <span class='ocrx_word' id='word_1_237' title='bbox 1561 3054 1575 3069; x_wconf 92' lang='lat'><strong>.</strong></span> <span class='ocrx_word' id='word_1_238' title='bbox 1597 3054 1610 3069; x_wconf 99' lang='lat'><strong>.</strong></span> <span class='ocrx_word' id='word_1_239' title='bbox 1648 3017 1852 3072; x_wconf 74' lang='lat' dir='ltr'><strong>derata.</strong></span> <span class='ocrx_word' id='word_1_240' title='bbox 1894 3048 1954 3060; x_wconf 96' lang='lat'><strong>—</strong></span> <span class='ocrx_word' id='word_1_241' title='bbox 1982 3019 2071 3071; x_wconf 87' lang='lat' dir='ltr'><strong>lin.</strong></span> <span class='ocrx_word' id='word_1_242' title='bbox 2113 3023 2161 3071; x_wconf 82' lang='lat'><strong>6.</strong></span> <span class='ocrx_word' id='word_1_243' title='bbox 2194 3020 2307 3070; x_wconf 84' lang='lat' dir='ltr'><strong>Fa-</strong></span> 
     </span>
     <span class='ocr_line' id='line_1_29' title="bbox 271 3103 2309 3171; baseline -0.001 -13"><span class='ocrx_word' id='word_1_244' title='bbox 271 3104 438 3158; x_wconf 84' lang='lat' dir='ltr'><strong>bretti</strong></span> <span class='ocrx_word' id='word_1_245' title='bbox 472 3138 490 3154; x_wconf 92' lang='lat'><strong>.</strong></span> <span class='ocrx_word' id='word_1_246' title='bbox 529 3141 542 3155; x_wconf 95' lang='lat'><strong>.</strong></span> <span class='ocrx_word' id='word_1_247' title='bbox 579 3140 593 3155; x_wconf 93' lang='lat'><strong>.</strong></span> <span class='ocrx_word' id='word_1_248' title='bbox 633 3104 726 3157; x_wconf 71' lang='lat' dir='ltr'><strong>oeit</strong></span> <span class='ocrx_word' id='word_1_249' title='bbox 755 3120 849 3171; x_wconf 81' lang='lat' dir='ltr'><strong>pro</strong></span> <span class='ocrx_word' id='word_1_250' title='bbox 887 3139 902 3155; x_wconf 94' lang='lat'><strong>.</strong></span> <span class='ocrx_word' id='word_1_251' title='bbox 939 3140 954 3156; x_wconf 93' lang='lat'><strong>.</strong></span> <span class='ocrx_word' id='word_1_252' title='bbox 992 3141 1007 3157; x_wconf 94' lang='lat'><strong>.</strong></span> <span class='ocrx_word' id='word_1_253' title='bbox 1044 3104 1182 3157; x_wconf 75' lang='lat' dir='ltr'><strong>exit.</strong></span> <span class='ocrx_word' id='word_1_254' title='bbox 1249 3104 1447 3156; x_wconf 83' lang='lat' dir='ltr'><strong>Murat.</strong></span> <span class='ocrx_word' id='word_1_255' title='bbox 1483 3107 1534 3155; x_wconf 87' lang='lat'><strong>1.</strong></span> <span class='ocrx_word' id='word_1_256' title='bbox 1571 3104 1728 3171; x_wconf 79' lang='lat' dir='ltr'><strong>plane</strong></span> <span class='ocrx_word' id='word_1_257' title='bbox 1763 3120 1865 3156; x_wconf 89' lang='lat' dir='ltr'><strong>non</strong></span> <span class='ocrx_word' id='word_1_258' title='bbox 1896 3104 2090 3168; x_wconf 74' lang='lat' dir='ltr'><strong>liabet3</strong></span> <span class='ocrx_word' id='word_1_259' title='bbox 2140 3103 2309 3156; x_wconf 87' lang='lat' dir='ltr'><strong>altero</strong></span> 
     </span>
     <span class='ocr_line' id='line_1_30' title="bbox 273 3189 2219 3258; baseline -0.002 -15"><span class='ocrx_word' id='word_1_260' title='bbox 273 3190 395 3243; x_wconf 82' lang='lat' dir='ltr'><strong>loeo</strong></span> <span class='ocrx_word' id='word_1_261' title='bbox 433 3189 594 3242; x_wconf 83' lang='lat' dir='ltr'><strong>habet</strong></span> <span class='ocrx_word' id='word_1_262' title='bbox 630 3226 644 3241; x_wconf 92' lang='lat'><strong>.</strong></span> <span class='ocrx_word' id='word_1_263' title='bbox 682 3224 698 3242; x_wconf 91' lang='lat'><strong>.</strong></span> <span class='ocrx_word' id='word_1_264' title='bbox 733 3224 747 3242; x_wconf 95' lang='lat'><strong>.</strong></span> <span class='ocrx_word' id='word_1_265' title='bbox 785 3190 929 3258; x_wconf 71' lang='lat' dir='ltr'><strong>exit,</strong></span> <span class='ocrx_word' id='word_1_266' title='bbox 965 3204 1134 3257; x_wconf 82' lang='lat' dir='ltr'><strong>neque</strong></span> <span class='ocrx_word' id='word_1_267' title='bbox 1166 3205 1296 3243; x_wconf 84' lang='lat' dir='ltr'><strong>vero</strong></span> <span class='ocrx_word' id='word_1_268' title='bbox 1334 3191 1400 3242; x_wconf 88' lang='lat' dir='ltr'><strong>ab</strong></span> <span class='ocrx_word' id='word_1_269' title='bbox 1434 3190 1607 3257; x_wconf 86' lang='lat' dir='ltr'><strong>initio,</strong></span> <span class='ocrx_word' id='word_1_270' title='bbox 1645 3191 1743 3243; x_wconf 87' lang='lat' dir='ltr'><strong>sed</strong></span> <span class='ocrx_word' id='word_1_271' title='bbox 1777 3191 1833 3244; x_wconf 89' lang='lat' dir='ltr'><strong>in</strong></span> <span class='ocrx_word' id='word_1_272' title='bbox 1867 3193 1970 3243; x_wconf 85' lang='lat' dir='ltr'><strong>fine</strong></span> <span class='ocrx_word' id='word_1_273' title='bbox 2005 3205 2219 3243; x_wconf 83' lang='lat' dir='ltr'><strong>versus.</strong></span> 
     </span>
    </p>
   </div>
   <div class='ocr_carea' id='block_1_7' title="bbox 1081 3354 1507 3368">
    <p class='ocr_par' dir='ltr' id='par_1_8' title="bbox 1081 3354 1507 3368">
     <span class='ocr_line' id='line_1_31' title="bbox 1081 3354 1507 3368; baseline 0 1081"><span class='ocrx_word' id='word_1_274' title='bbox 1081 3354 1507 3368; x_wconf 95' lang='lat' dir='ltr'><strong> </strong></span> 
     </span>
    </p>
   </div>
   <div class='ocr_carea' id='block_1_8' title="bbox 785 3516 1803 3597">
    <p class='ocr_par' dir='ltr' id='par_1_9' title="bbox 785 3516 1803 3597">
     <span class='ocr_line' id='line_1_32' title="bbox 785 3516 1803 3597; baseline 0.002 -17"><span class='ocrx_word' id='word_1_275' title='bbox 785 3516 962 3580; x_wconf 76' lang='lat' dir='ltr'><strong>XV.</strong></span> <span class='ocrx_word' id='word_1_276' title='bbox 1002 3518 1413 3597; x_wconf 70' lang='lat' dir='ltr'><strong>Papirius</strong></span> <span class='ocrx_word' id='word_1_277' title='bbox 1445 3519 1803 3592; x_wconf 72' lang='lat' dir='ltr'><strong>Cursor.</strong></span> 
     </span>
    </p>
   </div>
   <div class='ocr_carea' id='block_1_9' title="bbox 272 3649 2310 3981">
    <p class='ocr_par' dir='ltr' id='par_1_10' title="bbox 272 3649 2310 3981">
     <span class='ocr_line' id='line_1_33' title="bbox 414 3649 2307 3724; baseline 0.005 -21"><span class='ocrx_word' id='word_1_278' title='bbox 414 3649 624 3703; x_wconf 83' lang='lat' dir='ltr'><strong>Primus</strong></span> <span class='ocrx_word' id='word_1_279' title='bbox 662 3650 827 3705; x_wconf 83' lang='lat' dir='ltr'><strong>edidit</strong></span> <span class='ocrx_word' id='word_1_280' title='bbox 860 3653 961 3705; x_wconf 86' lang='lat' dir='ltr'><strong>hoc</strong></span> <span class='ocrx_word' id='word_1_281' title='bbox 995 3654 1343 3719; x_wconf 77' lang='lat' dir='ltr'><strong>fragmentum</strong></span> <span class='ocrx_word' id='word_1_282' title='bbox 1377 3657 1640 3709; x_wconf 77' lang='lat' dir='ltr'><strong>Gruterus</strong></span> <span class='ocrx_word' id='word_1_283' title='bbox 1678 3657 1945 3724; x_wconf 74' lang='lat' dir='ltr'><strong>pag.298,</strong></span> <span class='ocrx_word' id='word_1_284' title='bbox 1980 3660 2033 3709; x_wconf 79' lang='lat'><strong>4.</strong></span> <span class='ocrx_word' id='word_1_285' title='bbox 2069 3654 2173 3708; x_wconf 86' lang='lat' dir='ltr'><strong>hac</strong></span> <span class='ocrx_word' id='word_1_286' title='bbox 2206 3654 2307 3712; x_wconf 63' lang='lat' dir='ltr'><strong>ad·—</strong></span> 
     </span>
     <span class='ocr_line' id='line_1_34' title="bbox 272 3731 2308 3809; baseline 0.004 -23"><span class='ocrx_word' id='word_1_287' title='bbox 272 3738 503 3788; x_wconf 82' lang='lat' dir='ltr'><strong>notans:</strong></span> <span class='ocrx_word' id='word_1_288' title='bbox 560 3737 784 3805; x_wconf 78' lang='lat' dir='ltr'><strong>„Romae</strong></span> <span class='ocrx_word' id='word_1_289' title='bbox 821 3738 958 3805; x_wconf 81' lang='lat' dir='ltr'><strong>apud</strong></span> <span class='ocrx_word' id='word_1_290' title='bbox 994 3739 1242 3793; x_wconf 84' lang='lat' dir='ltr'><strong>Fulvium</strong></span> <span class='ocrx_word' id='word_1_291' title='bbox 1277 3742 1528 3794; x_wconf 82' lang='lat' dir='ltr'><strong>Ursinum</strong></span> <span class='ocrx_word' id='word_1_292' title='bbox 1561 3742 1617 3793; x_wconf 85' lang='lat' dir='ltr'><strong>in</strong></span> <span class='ocrx_word' id='word_1_293' title='bbox 1648 3744 1947 3809; x_wconf 78' lang='lat' dir='ltr'><strong>fragmento</strong></span> <span class='ocrx_word' id='word_1_294' title='bbox 1983 3731 2181 3807; x_wconf 61' lang='lat' dir='ltr'><strong>parvae</strong></span> <span class='ocrx_word' id='word_1_295' title='bbox 2218 3743 2308 3790; x_wconf 72' lang='lat' dir='ltr'><strong>ta-</strong></span> 
     </span>
     <span class='ocr_line' id='line_1_35' title="bbox 273 3819 2310 3897; baseline 0.001 -26"><span class='ocrx_word' id='word_1_296' title='bbox 273 3819 452 3872; x_wconf 78' lang='lat' dir='ltr'><strong>bellae</strong></span> <span class='ocrx_word' id='word_1_297' title='bbox 495 3822 656 3874; x_wconf 84' lang='lat' dir='ltr'><strong>litera</strong></span> <span class='ocrx_word' id='word_1_298' title='bbox 700 3825 895 3891; x_wconf 83' lang='lat' dir='ltr'><strong>optima</strong></span> <span class='ocrx_word' id='word_1_299' title='bbox 946 3832 1100 3893; x_wconf 82' lang='lat' dir='ltr'><strong>atque</strong></span> <span class='ocrx_word' id='word_1_300' title='bbox 1137 3825 1374 3894; x_wconf 62' lang='lat' dir='ltr'><strong>antiquas,</strong></span> <span class='ocrx_word' id='word_1_301' title='bbox 1420 3825 1729 3896; x_wconf 78' lang='lat' dir='ltr'><strong>videturque</strong></span> <span class='ocrx_word' id='word_1_302' title='bbox 1765 3830 1831 3880; x_wconf 85' lang='lat' dir='ltr'><strong>ab</strong></span> <span class='ocrx_word' id='word_1_303' title='bbox 1869 3829 2038 3897; x_wconf 79' lang='lat' dir='ltr'><strong>aliquo</strong></span> <span class='ocrx_word' id='word_1_304' title='bbox 2072 3826 2310 3888; x_wconf 81' lang='lat' dir='ltr'><strong>familiae</strong></span> 
     </span>
     <span class='ocr_line' id='line_1_36' title="bbox 273 3905 2306 3981; baseline 0.007 -23"><span class='ocrx_word' id='word_1_305' title='bbox 273 3905 480 3960; x_wconf 78' lang='lat' dir='ltr'><strong>Fabiae</strong></span> <span class='ocrx_word' id='word_1_306' title='bbox 519 3910 760 3962; x_wconf 86' lang='lat' dir='ltr'><strong>studioso</strong></span> <span class='ocrx_word' id='word_1_307' title='bbox 784 3911 1019 3979; x_wconf 74' lang='lat' dir='ltr'><strong>Augusti</strong></span> <span class='ocrx_word' id='word_1_308' title='bbox 1052 3911 1393 3981; x_wconf 77' lang='lat' dir='ltr'><strong>imperatoris</strong></span> <span class='ocrx_word' id='word_1_309' title='bbox 1430 3927 1563 3967; x_wconf 83' lang='lat' dir='ltr'><strong>aevo</strong></span> <span class='ocrx_word' id='word_1_310' title='bbox 1581 3913 1669 3966; x_wconf 86' lang='lat' dir='ltr'><strong>vel</strong></span> <span class='ocrx_word' id='word_1_311' title='bbox 1692 3914 1866 3980; x_wconf 79' lang='lat' dir='ltr'><strong>posita</strong></span> <span class='ocrx_word' id='word_1_312' title='bbox 1896 3916 1981 3969; x_wconf 87' lang='lat' dir='ltr'><strong>vel</strong></span> <span class='ocrx_word' id='word_1_313' title='bbox 2001 3912 2306 3973; x_wconf 74' lang='lat' dir='ltr'><strong>renovata.“</strong></span> 
     </span>
    </p>
   </div>
   <div class='ocr_carea' id='block_1_10' title="bbox 1860 3989 1969 4073">
    <p class='ocr_par' dir='ltr' id='par_1_11' title="bbox 1860 3989 1969 4073">
     <span class='ocr_line' id='line_1_37' title="bbox 1860 3989 1969 4073; baseline 0 -27"><span class='ocrx_word' id='word_1_314' title='bbox 1860 3989 1908 4073; x_wconf 55' lang='lat'><strong>3*</strong></span> <span class='ocrx_word' id='word_1_315' title='bbox 1935 4009 1969 4046; x_wconf 63' lang='lat' dir='ltr'><strong>az</strong></span> 
     </span>
    </p>
   </div>
  </div>
 </body>
</html>
