2674 4449
1264 298 1461 368 '28

418 477 642 546 adoptivi
678 493 794 532 cum
826 476 1087 532 naturalis
1116 475 1287 544 patris
1307 475 1559 530 memoria
1588 474 2014 543 coniungerctur.
2047 476 2193 541 Quod
2213 476 2435 546 quidem

418 571 563 635 patet
597 582 659 618 ex
693 566 927 624 alterius,
948 567 1002 616 in
1038 565 1220 616 eadem
1252 562 1374 616 basi
1398 563 1760 630 inscriptionis
1790 562 2063 629 vestigiis,
2102 580 2228 632 quae
2253 579 2433 632 prae-

418 659 500 706 ter
530 653 783 705 Caesaris
817 667 1000 704 nomen
1034 666 1232 717 paucas
1267 656 1469 703 tantum
1495 651 1682 703 literas
1720 656 1950 702 servant.
1988 649 2246 703 Similiter
2260 651 2433 704 Pauli

417 739 628 793 Aemilii
663 744 716 791 et
749 738 1012 804 Scipionis
1047 738 1102 788 in
1138 737 1316 789 eadem
1350 738 1470 789 basi
1507 743 1718 790 statuae
1742 738 2051 790 coniunctim
2078 737 2287 803 positae
2310 738 2428 789 ha-

416 828 697 890 bebantur,
733 827 859 877 illae
895 826 1096 893 quidem
1118 861 1133 891 ,
1166 825 1217 876 si
1251 824 1495 876 Morcelli
1522 824 1860 877 =coniecturae
1895 825 2026 876 fides
2060 824 2313 891 habetur,
2366 828 2431 876 et

418 913 567 979 ipsae
604 915 657 965 in
691 914 804 963 foro
839 911 1068 978 Augusti
1106 911 1416 962 collocatae.
1454 912 1521 962 of.
1558 911 1697 962 infra
1729 928 1779 962 n.
1815 911 2007 964 xvm.
2041 940 2102 949 -
2124 911 2428 964 Ediderunt

418 1000 517 1052 hoc
554 999 761 1052 Octavii
794 999 1073 1065 Elogium:
1112 999 1383 1050 Gruterus
1419 997 1473 1049 in
1511 996 1769 1050 Thesaur.
1809 1015 1856 1064 p.
1892 1000 2014 1049 225.
2048 1014 2100 1049 ιι.
2126 1000 2179 1049 ⁷.
2215 998 2424 1051 Cardi-

416 1086 530 1138 nali
561 1086 743 1138 Iscriz.
777 1085 998 1137 Veliter.
1034 1099 1157 1150 pag.
1193 1086 1281 1136 ⁷4.
1337 1083 1589 1137 Mor-celle·
1623 1085 1658 1140 1.
1693 1086 1728 1137 l.
1760 1100 1878 1152 pag.
1912 1086 2030 1138 268.
2083 1085 2249 1138 Oreus·
2273 1085 2421 1159 poll.

417 1172 479 1224 N.
514 1175 634 1224 592.

595 1340 658 1402 C.
691 1338 968 1403 Octavius
1002 1341 1064 1403 C.
1098 1340 1159 1403 F.
1193 1339 1263 1403 N.
1298 1341 1361 1403 C.
1396 1338 1569 1405 Pron.
1604 1339 1777 1404 Pater
1801 1339 2063 1421 Augusti,
2094 1340 2254 1405 Trib.
2288 1342 2418 1406 mil.

417 1453 510 1517 bis
554 1451 624 1526 Q.
665 1451 891 1516 Aedilis
921 1453 1002 1533 pl.
1035 1472 1171 1516 oum
1204 1455 1267 1517 C.
1299 1453 1585 1526 Toranio,
1625 1452 1812 1523 Judex
1844 1456 2281 1534 quaestionum,
2322 1455 2422 1520 Pr.

413 1566 661 1629 P.rooos
695 1564 1023 1646 Imperator
1050 1566 1376 1648 appellatus
1410 1583 1478 1627 ex
1504 1568 1806 1646 provincia
1836 1564 2203 1630 Macedonia.

558 1765 615 1818 Ο.
661 1768 724 1817 F.
783 1766 902 1819 cain·
933 1768 1120 1835 filius,
1168 1769 1231 1819 de
1268 1783 1365 1835 quo
1402 1768 1684 1820 Suetonius
1723 1767 1939 1834 (OctaV.
1978 1780 2088 1833 cap.
2124 1765 2230 1832 2.):
2266 1768 2424 1820 Avus

420 1851 707 1920 (Augusti)
760 1855 1158 1922 municipalibus
1210 1854 1520 1907 ministeriis
1569 1860 1870 1922 contentus,
1919 1856 2211 1907 abundante
2244 1854 2427 1920 patri-

420 1940 588 1990 monio
622 1942 1043 2010 tranquilissime
1080 1941 1270 1992 senuit.
1311 1971 1375 1980 —
1419 1942 1475 1994 0.
1511 1941 1578 1993 N.
1615 1940 1732 1993 Gaii
1763 1955 1953 2008 nepos.
1992 1941 2273 1993 Suetonius
2310 1942 2345 1992 l.
2385 1942 2429 1995 l.

420 2026 691 2092 „Proavus
726 2028 960 2093 Augusti
997 2027 1222 2079 seeundo
1256 2028 1440 2094 punico
1474 2028 1612 2080 bello
1649 2028 1910 2094 stipendia
1943 2028 1996 2078 iu
2025 2026 2214 2081 Sicilia
2246 2027 2429 2079 tribu-

418 2130 517 2168 nus
544 2114 763 2167 militum
786 2114 932 2181 fecit,
959 2114 1182 2165 Aemilio
1204 2114 1381 2181 Pappo
1400 2109 1760 2179 imperatore.“
1795 2113 1926 2165 Post
1944 2115 2229 2166 iufaustum
2256 2127 2427 2180 proe-

417 2201 543 2254 lium
580 2202 854 2253 Cannense
891 2200 1025 2252 inter
1059 2215 1155 2252 eos
1191 2204 1509 2266 numeratur,
1549 2199 1731 2267 quibus
1762 2200 1900 2251 satis
1932 2199 2120 2253 virium
2148 2201 2234 2253 vel
2258 2201 2424 2255 animi
2477 2238 2484 2243 -

420 2290 678 2356 restabat,
709 2294 766 2340 ut
801 2288 1088 2341 Canusium
1122 2288 1477 2354 pen-fugerent.
1512 2285 1747 2338 Frontin.
1786 2287 2022 2353 Stratag.
2057 2289 2150 2355 lv,
2183 2290 2232 2339 5.
2262 2290 2312 2339 ⁷.
2349 2318 2416 2329 —

423 2377 480 2430 C'.
526 2377 692 2429 Pron.
730 2376 850 2430 caia·
880 2391 1174 2444 pronepos.
1211 2376 1268 2427 O.
1307 2374 1558 2427 Octavius
1596 2372 1724 2425 Cnei
1762 2373 1968 2425 Octavii
2002 2374 2121 2425 Rufi
2155 2374 2296 2426 filius
2332 2375 2424 2427 in-

420 2464 737 2529 telligendus
789 2471 888 2515 est.
960 2463 1243 2516 Suetonius
1290 2462 1329 2516 l.
1382 2461 1415 2512 1.
1465 2461 1554 2527 „Is
1607 2458 1670 2523 (i.
1709 2476 1757 2515 e.
1795 2460 1887 2511 Cn.
1928 2460 2181 2514 Octavius
2217 2461 2423 2527 Rufus)

332 2571 335 2578 ·
422 2550 755 2620 quaestorius
791 2549 984 2600 Oneum
1020 2555 1072 2600 et
1106 2549 1289 2600 Caium
1323 2546 1642 2614 procreavit,
1679 2562 1711 2597 a
1750 2547 1932 2614 quibus
1970 2548 2152 2613 duplex
2173 2549 2424 2600 Octavio-

419 2652 534 2688 rum
565 2623 769 2688 familia
801 2635 1010 2686 defluxit
1045 2634 1333 2688 conditione
1368 2634 1599 2689 diversa.
1675 2634 1935 2701 Siquidem
1972 2634 2143 2686 Gneus
2180 2641 2232 2686 et
2268 2635 2423 2686 dein-

423 2737 547 2790 ceps
585 2723 648 2774 ab
686 2738 747 2774 eo
784 2722 969 2789 reliqui
1005 2737 1183 2773 omnes
1217 2720 1381 2774 functi
1417 2726 1537 2772 sunt
1571 2721 1855 2773 honoribus
1891 2722 2127 2773 summis.
2165 2723 2234 2773 At
2259 2722 2420 2777 caius

423 2809 638 2879 eiusque
672 2809 871 2876 posteri
908 2824 1004 2860 seu
1038 2809 1265 2874 fortuna,
1302 2824 1399 2860 seu
1432 2809 1699 2861 voluntate
1733 2808 1787 2859 in
1824 2808 2051 2875 equestri
2085 2810 2263 2864 ordine
2294 2827 2422 2864 con-

423 2898 609 2949 stitere
644 2912 805 2964 usque
844 2896 906 2947 ad
941 2895 1169 2960 Augusti
1207 2899 1424 2961 patrem.
1430 2889 1460 2922 ‘⁴

557 2984 786 3051 Auyusli
821 2988 993 3051 pater.
1092 2981 1250 3033 Verbi
1297 2982 1427 3034 Divi
1476 2979 1672 3034 omisso
1720 2982 1984 3047 colligitur
2030 2982 2418 3052 inscriptionem

423 3073 542 3122 ante
575 3070 803 3134 Augusti
839 3070 1029 3122 obitum
1065 3071 1353 3121 confectam
1391 3085 1529 3122 esse.
1569 3101 1630 3111 -
1665 3069 1814 3121 Trib.
1849 3069 1957 3122 mil.
1996 3070 2079 3123 bis
2114 3072 2178 3135 Q.
2212 3072 2417 3126 Aediles

420 3160 490 3225 pl.
540 3170 586 3207 c.
640 3155 696 3207 0.
729 3156 979 3208 Toranio.
1038 3156 1186 3221 Apud
1223 3156 1498 3209 Gruterum
1535 3158 1691 3209 litera
1726 3158 1766 3220 Q
1804 3172 1917 3209 eum
1953 3159 2297 3223 praecedente
2332 3160 2416 3213 bie

424 3245 786 3308 continuatur,
825 3249 881 3296 ut
915 3244 989 3294 sit
1022 3243 1209 3309 bisque
1243 3243 1449 3296 Aedilie
1482 3244 1674 3313 plebis.
1747 3246 1853 3297 Sed
1897 3252 2077 3297 nostra
2109 3245 2265 3298 lectio
2302 3248 2419 3299 Ha-

425 3331 702 3399 genbuehii
738 3330 872 3396 apud
910 3330 1533 3398 Orelliumxconieeturam
1570 3338 1623 3383 et
1657 3333 2019 3385 auctoritatem
2041 3333 2286 3386 Morcelli
2322 3350 2415 3385 se-

425 3419 611 3488 quitur.
636 3414 736 3469 ,De
770 3417 1078 3483 stipendiis,
1117 3425 1246 3486 quae
1283 3416 1535 3469 Octavius
1573 3418 1832 3470 Tribunus
1868 3419 2085 3473 militum
2117 3421 2242 3474 fecit
2275 3424 2419 3475 etde

425 3511 709 3575 quaestura
742 3504 977 3554 eiusdem
1009 3502 1140 3554 nihil
1178 3502 1316 3555 alias
1354 3511 1805 3571 commemoratur,
1840 3512 1897 3559 ut
1927 3523 2029 3566 non
2063 3507 2253 3575 liquido
2290 3524 2418 3561 con-

425 3597 560 3655 stet,
596 3597 766 3642 utrum
802 3590 886 3641 bis
923 3605 1036 3641 eum
1072 3590 1408 3642 antecedente
1445 3588 1617 3657 (Ti-ib.
1655 3590 1789 3657 mil.)
1825 3611 1891 3645 an
1924 3610 2038 3648 cum
2073 3594 2416 3663 subsequente

426 3676 742 3743 (Quaestor)
802 3677 1136 3743 copulandum
1186 3676 1277 3728 sit.
1351 3678 1631 3731 Suetonius
1669 3678 1753 3745 (in
1790 3680 2059 3735 Octavian.
2100 3696 2213 3747 cap.
2247 3679 2329 3745 3.)
2364 3682 2417 3734 in

426 3765 726 3816 universum
762 3768 1145 3831 commemorat,
1182 3764 1453 3817 Octavium
1488 3765 1714 3818 honores
1752 3772 1805 3818 et
1838 3768 2077 3833 adeptum
2112 3783 2233 3819 esse
2263 3768 2417 3821 facile

426 3856 480 3904 et
514 3852 726 3918 egregie
763 3851 1171 3910 administrasse
1188 3869 1206 3919 3
1243 3851 1463 3905 disertis
1492 3853 1670 3906 verbis
1701 3854 1871 3905 nullos
1899 3854 2034 3907 alios
2058 3856 2285 3907 honores
2315 3856 2417 3908 nisi

423 3944 718 4009 praeturam
748 3938 1108 3993 'Macedoniae
1154 3938 1404 3993 nominat.
1444 3967 1507 3978 —
1553 3939 1757 3993 Aedilis
1799 3940 1871 4008 pl.
1926 3954 2046 3995 cum
2079 3942 2136 3995 0.
2168 3929 2415 3997 Toranio.
