2674 4449
507 355 544 413 ἱ
1286 298 1371 369 53

299 520 303 524 >
335 491 583 568 quatuor
613 484 927 547 dioeceses
961 478 1280 543 constituit.
1353 479 1420 542 In
1449 464 1765 558 Thuringis
1797 494 1922 540 rem
1954 477 2332 543 christianam

334 598 643 670 stabilivit;
677 598 919 661 Chattos
950 592 1025 656 ad
1051 601 1281 658 rectum
1308 594 1490 656 divini
1516 595 1771 657 numinis
1791 592 2009 656 cultum
2028 591 2332 655 convertit.
2390 672 2396 686 ·

336 711 560 786 Quibus
592 709 860 772 laudibus
892 706 1321 779 Germanorum
1348 706 1623 788 Apostoli
1651 714 1915 778 nomen,
1947 711 2155 786 postea
2182 721 2332 766 nece

336 848 369 891 a
387 826 572 889 Frisis
603 824 719 888 sibi
737 823 912 893 illata,
945 821 1127 885 etiam
1157 823 1416 904 martyrii
1447 840 1727 886 coronam
1751 820 2099 902 promeruit.
2150 819 2331 880 Sacro

335 959 444 1004 suo
490 936 721 1000 muneri
757 936 1013 997 intentus
1058 933 1199 997 dum
1241 941 1598 1023 armatorum
1638 952 1876 1001 manum
1925 933 2335 996 advenientem

336 1050 647 1133 conspicit,
679 1050 858 1111 sociis
889 1044 1094 1121 „Bono
1127 1045 1342 1119 animo,
1374 1048 1580 1128 inquit,
1614 1054 1842 1120 estote,
1872 1047 2118 1109 fratres:
2149 1042 2333 1107 nolite

339 1183 446 1228 eos
479 1163 970 1234 contremiscere,
1005 1162 1102 1242 qui
1134 1167 1197 1224 ut
1227 1178 1446 1241 corpus
1475 1160 1790 1234 trucident,
1825 1161 2082 1225 animum
2115 1154 2333 1219 exstin-

338 1295 516 1359 guere
543 1281 858 1358 nequeunt.
948 1271 1283 1339 Laetamini
1317 1274 1381 1333 in
1410 1270 1708 1339 domino-‘⁶

906 1605 1277 1691 Carolus
1342 1606 1739 1688 Magnus.

508 1742 753 1807 Carolus
785 1761 817 1804 a
838 1743 1044 1824 Pipino
1064 1749 1228 1825 patre
1259 1744 1334 1805 ad
1352 1746 1715 1825 regnandum
1745 1732 2032 1809 educatus
2051 1750 2114 1829 et
2134 1760 2338 1806 assue-

330 1863 534 1924 factus.
630 1858 763 1932 Quo
811 1866 1046 1920 mortuo
1076 1860 1331 1937 primum
1370 1879 1506 1922 cum
1535 1860 1922 1924 Carlomanno
1963 1861 2141 1923 fratre
2174 1877 2335 1920 com·
2364 1922 2370 1929 ,
2415 1883 2426 1906 ÷

332 1974 686 2037 municatum
702 2017 717 2044 ,
750 1984 886 2034 mox
917 1971 1081 2033 solus
1112 1972 1473 2051 Francorum
1504 1973 1820 2053 imperium
1850 1972 2118 2036 obtinuit.
2183 1971 2337 2050 Reg-

333 2109 476 2154 num
506 2089 842 2166 auspicatus
881 2085 1105 2149 bellum
1135 2086 1197 2147 in
1234 2085 1502 2149 Saxones
1547 2087 1787 2159 sumsit,
1830 2086 2136 2149 tricesimo
2181 2102 2335 2145 anno

327 2209 389 2270 in
408 2206 667 2268 hostium
686 2202 1048 2265 deditionem
1069 2203 1376 2266 exiturum.
1424 2201 1609 2276 Bella,
1642 2202 1992 2285 plerumque
2018 2219 2127 2265 suo
2146 2199 2335 2282 ipsius

329 2323 511 2387 ductu
539 2326 706 2399 gesta
732 2336 840 2399 per
871 2319 1134 2397 integros
1177 2317 1344 2397 regni
1383 2336 1569 2380 annos
1603 2318 1982 2397 quadraginta
2025 2321 2162 2377 octo
2196 2332 2337 2375 con-

330 2431 595 2497 tinuavit.
667 2428 1004 2508 Aquitania,
1033 2427 1301 2503 Bavaria,
1331 2430 1725 2493 Lombardico
1754 2447 1939 2509 regno
1970 2428 2193 2510 potitus
2225 2428 2336 2488 im-

331 2543 482 2626 perii
512 2542 659 2604 fines
691 2557 723 2602 a
755 2543 1159 2621 septentrione
1191 2542 1267 2606 ad
1295 2542 1617 2614 Edranam,
1682 2545 1909 2616 oriente
1938 2540 2011 2604 ad
2049 2539 2332 2606 viadrum

337 2659 578 2723 flumina
621 2658 991 2737 propagavit;
1050 2658 1367 2722 meridiem
1396 2665 1456 2720 et
1487 2658 1858 2722 occidentem
1895 2674 2105 2721 versus
2136 2654 2334 2734 Apen-

329 2773 469 2834 nino
512 2775 714 2832 monte
762 2775 823 2830 et
864 2770 923 2831 in
968 2770 1150 2833 breve
1187 2774 1424 2848 tempus
1470 2769 1647 2832 lbero
1696 2769 1938 2832 flumine
1982 2767 2333 2831 terminavit.
2367 2819 2374 2824 ,

242 2967 247 2976 Χ
330 2882 398 2945 In
426 2881 693 2962 potentia
723 2887 784 2944 et
811 2879 1096 2959 regnandi
1138 2880 1379 2943 licentia
1408 2882 1527 2943 hoc
1556 2887 2088 2965 temperamentum
2128 2882 2334 2951 tenuit,

330 3002 396 3059 ut
426 2993 653 3057 animus
671 3038 687 3065 ,
718 2998 999 3073 quantum
1030 2991 1092 3051 in
1122 2989 1413 3054 bellatore
1441 2992 1570 3054 fieri
1600 2999 1826 3074 potest,
1855 2991 1928 3056 ad
1956 2993 2333 3056 humanitatis
2413 3008 2429 3022 ²

330 3126 576 3172 sensum
607 3125 903 3188 nunquam
930 3106 1260 3169 obduraret.
1355 3104 1703 3172 Germaniae
1734 3108 2006 3179 ducatus,
2039 3115 2105 3170 ut
2134 3106 2334 3187 regiae

335 3222 717 3286 dominationi
757 3199 1148 3301 periculosos,
1191 3220 1254 3282 in
1298 3222 1613 3285 comitatus
1663 3223 1996 3303 discerpsit.
2085 3221 2167 3285 Ut
2212 3239 2333 3283 non

334 3336 568 3418 imperii
599 3335 791 3397 solum
825 3334 932 3397 sed
962 3336 1141 3397 etiam
1171 3334 1449 3416 obsequii
1479 3340 1625 3399 ratio
1658 3344 1988 3410 constaret,
2023 3344 2082 3399 et
2110 3334 2333 3400 missos

336 3454 566 3531 regios,
618 3451 717 3530 qui
759 3447 1055 3518 dicuntur,
1106 3449 1400 3539 delegavit
1430 3459 1491 3513 et
1520 3454 1651 3531 ipse
1681 3451 1960 3515 latissimi
1986 3452 2154 3530 regni
2182 3451 2333 3512 fines

335 3566 692 3647 peragravit,
740 3563 837 3624 hic
863 3562 985 3624 illic
1015 3563 1375 3643 aliquamdiu
1404 3566 1769 3629 immoratus.
1862 3568 2141 3629 Summus
2188 3564 2334 3629 tanti

326 3682 568 3772 *imperii
599 3683 814 3744 arbiter
841 3681 1000 3742 idem
1029 3680 1125 3742 vel
1157 3683 1231 3744 de
1260 3683 1420 3763 agris
1450 3683 1717 3747 villarum
1756 3684 2030 3748 serendis
2059 3682 2334 3745 mandata

341 3793 479 3855 dare
511 3793 758 3862 solebat.
824 3789 979 3854 „Non
1006 3791 1250 3855 easdem
1282 3793 1557 3857 omnibus
1585 3800 1819 3878 imperii
1846 3795 2110 3878 partibus
2142 3797 2330 3874 leges,

342 3905 590 3968 eandem
614 3914 811 3970 tamen
841 3907 1042 3970 militis
1075 3907 1493 3971 conscribendi
1529 3914 1817 3974 rationem
1856 3910 2120 3975 instituit.
2197 3907 2331 3969 Dis-

342 4020 687 4101 ciplinarum
720 4030 781 4085 et
806 4024 1027 4117 artium
1045 4039 1277 4097 amans;
1304 4023 1659 4105 religionem
1679 4027 2057 4093 christianam
2076 4023 2328 4085 maximo
