2674 4449
1335 262 1424 346 to

371 455 580 521 omittit.
630 431 693 497 ὲ-
730 473 780 509 v.
816 458 868 508 3.
904 454 1043 511 coN
1076 454 1285 524 reliqua
1315 455 1562 509 vocabuli
1597 438 1745 522 parte
1783 454 2030 522 (silium)
2068 442 2285 511 omissa.
2338 491 2404 504 —

370 558 421 594 v.
458 545 513 595 6.
549 543 687 598 DEC
704 543 957 597 onA'rA.
985 542 1078 595 GV

725 896 1098 962 xvnn.
1150 897 1531 961 Sicinius
1565 897 2032 962 Dentatus.

499 1041 711 1104 Primus
747 1055 993 1120 tauquam
1028 1053 1427 1121 inscriptionem
1461 1053 1708 1105 marmori
1744 1053 1970 1106 incisam
2004 1051 2245 1123 produxit
2265 1052 2401 1104 Ma-

362 1134 585 1189 zocbius
619 1152 738 1206 pag.
778 1141 862 1190 18.
901 1139 1121 1208 indeque
1156 1139 1408 1207 Lipsius,
1461 1156 1489 1192 e
1523 1140 1708 1205 Lipsio
1744 1139 2031 1192 Boldonius
2070 1139 2124 1189 in
2156 1139 2403 1204 Epigra-

361 1218 506 1287 phic.
540 1223 662 1280 Lib.
697 1226 740 1292 I,
776 1225 816 1279 f.
855 1225 942 1278 22.
981 1227 1205 1295 Secutus
1243 1229 1331 1277 est
1364 1224 1649 1277 Reinesius
1686 1226 1959 1290 syntagm.
1993 1224 2087 1291 VI,
2112 1218 2229 1276 106.
2266 1224 2403 1288 pag.

362 1309 482 1359 448.
520 1309 607 1377 qni
645 1310 874 1376 elogium
913 1314 1189 1365 confictum
1225 1317 1427 1378 censet,
1464 1304 1631 1378 n'eque
1667 1314 1838 1362 tamen
1870 1316 1926 1361 ut
1942 1300 2174 1362 Orellius
2198 1308 2263 1360 N.
2286 1312 2402 1360 546

360 1394 530 1463 refert
564 1411 593 1448 e
626 1396 797 1449 Gellio
835 1395 934 1465 (Π,
959 1395 1099 1464 11.),
1139 1396 1234 1448 sed
1269 1412 1299 1449 e
1333 1397 1507 1448 Plinio
1543 1397 1684 1449 Hist.
1720 1382 1830 1447 nat.
1858 1396 1980 1462 VII,
2001 1396 2090 1451 28.
2126 1395 2211 1445 ubi
2236 1393 2402 1459 plane

358 1481 546 1532 eadem
598 1484 712 1535 fere
756 1485 924 1536 verba
973 1485 1244 1549 leguntur:
1300 1484 1398 1548 „L.
1443 1483 1653 1535 Siccius
1701 1483 1970 1533 Dentatus
1999 1481 2084 1549 qui
2122 1475 2419 1532 Tribunus'

359 1566 530 1632 plebis
568 1568 667 1618 fuit
702 1568 792 1633 Sp.
828 1568 1052 1634 Tarpeio
1088 1569 1152 1624 A.
1188 1568 1375 1618 Aterio
1417 1569 1732 1620 Consulibus
1771 1569 1906 1619 haud
1941 1569 2101 1618 multo
2137 1572 2257 1632 post
2288 1580 2391 1615 ex-

362 1658 514 1704 actos
564 1669 747 1726 reges,
777 1654 863 1706 vel
911 1654 1353 1705 numerosissima
1405 1654 1669 1719 suffragia
1718 1656 1902 1706 habet:
1958 1654 2158 1726 centies
2214 1648 2390 1704 vicies

358 1737 683 1804 proeliatus,
733 1739 900 1792 octies
951 1755 979 1789 e
1017 1738 1394 1804 provocatione
1429 1741 1619 1804 victor,
1658 1739 2005 1808 quadraginta
2039 1732 2258 1805 quinque
2298 1737 2384 1788 ci-

359 1824 646 1878 catricibus
697 1825 925 1876 adverso
975 1839 1192 1891 corpore
1227 1824 1461 1889 insignis
1485 1862 1500 1891 ,
1537 1826 1678 1877 nulla
1715 1827 1768 1878 in
1803 1830 1973 1890 tergo.
2044 1825 2174 1876 Item
2211 1822 2393 1888 spolia

361 1910 500 1974 cepit
533 1909 791 1973 XXXIV,
841 1910 1064 1961 donatus
1099 1910 1274 1960 hastis
1312 1910 1461 1974 puris
1499 1911 1887 1976 duodeviginti,
1935 1909 2183 1961 Phaleris
2216 1908 2386 1974 XXV,

358 1993 631 2061 torquibus
667 1994 840 2046 tribus
879 2000 930 2046 et
964 1990 1162 2045 LXXX
1184 2031 1199 2060 ,
1238 1993 1463 2046 armillis
1503 1995 1668 2062 CLX,
1708 1995 1919 2048 coronis
1954 1995 2161 2060 XXVI,
2196 1992 2385 2047 civicis

358 2079 513 2144 XIV,
565 2080 747 2131 aureis
800 2081 952 2146 VIII,
998 2078 1290 2130 muralibus
1327 2080 1438 2145 111,
1478 2080 1789 2131 obsidionali
1828 2095 1944 2145 una,
1980 2083 2113 2131 fisco
2152 2079 2296 2130 aeris
2334 2077 2387 2131 X

360 2164 587 2229 captivis
637 2170 689 2217 et
737 2165 839 2216 XX
890 2165 1047 2217 simul
1084 2165 1270 2215 bubus.
1344 2166 1702 2230 Imperatores
1740 2181 1925 2217 novem
1961 2164 2127 2232 ipsius
2165 2163 2385 2215 maxime

361 2265 521 2316 opera
555 2250 938 2319 triumphantes
977 2252 1551 2316 secutus3=praeterea
1587 2251 1756 2319 (quod
1793 2253 2036 2318 optimum
2059 2252 2111 2304 in
2138 2252 2384 2317 operibus

358 2337 468 2389 lius
504 2336 658 2401 reor)
695 2354 797 2391 uno
833 2355 896 2390 ex
931 2337 1183 2402 ducibus,
1221 2336 1280 2387 Τ.
1317 2335 1578 2403 Romilio,
1634 2354 1696 2389 ex
1733 2338 2008 2390 consulatu
2044 2339 2109 2388 ad
2142 2338 2385 2403 populum

360 2424 599 2476 convicto
654 2425 785 2477 male
825 2424 932 2477 acti
966 2420 1225 2489 imperii.“
1262 2423 1331 2475 ct’.
1368 2423 1549 2475 Valer.
1585 2424 1725 2475 Max.
1759 2424 1853 2491 III,
1892 2426 2044 2475 224.
2085 2450 2145 2461 —
2186 2424 2384 2475 Nescio

359 2526 429 2561 an
477 2526 580 2562 non
633 2526 695 2561 ex
748 2512 851 2562 hac
900 2510 1060 2575 elogii
1113 2525 1227 2561 cum
1268 2506 1493 2558 Pliniani
1542 2510 1649 2561 loci
1696 2509 2063 2564 convenientia
2099 2510 2163 2560 de
2198 2509 2385 2559 fraude

356 2597 499 2648 facta
538 2597 703 2649 certis
741 2596 1066 2665 argumentis
1105 2595 1378 2663 quidquam
1413 2595 1652 2646 concludi
1687 2596 1875 2661 possit.
1936 2596 2073 2659 Quid
2109 2595 2246 2646 enim
2285 2594 2384 2644 ob-

360 2688 492 2749 stat,
527 2698 625 2752 quo
662 2684 838 2735 minus
873 2682 1077 2734 Plinius
1110 2681 1249 2734 huno
1286 2685 1703 2732 ornamentorum
1723 2680 2041 2733 *militarium
2074 2681 2297 2733 indicem
2320 2695 2388 2732 ex

358 2768 535 2834 elogio
587 2772 793 2821 statuae
843 2768 1033 2821 Sicinii
1087 2766 1262 2819 addito
1310 2765 1744 2831 transscripserit
1755 2778 1773 2828 3
1833 2770 2195 2834 praeterquam
2232 2766 2386 2833 quod,

360 2856 566 2907 omnino
605 2854 861 2909 eiusmodi
898 2856 1104 2908 indices
1141 2852 1401 2906 orationis
1436 2852 1749 2905 varietatem
1787 2852 1874 2903 vix
1911 2853 2206 2904 admittunt.
2267 2855 2383 2905 Δο-

359 2940 529 3005 cedit,
583 2944 716 3010 quod
764 2943 962 2995 Romae
998 2943 1051 2992 in
1088 2940 1306 3005 regione
1341 2939 1469 2992 XIV
1503 2938 1691 2989 Sicinii
1728 2938 1834 2988 sivi
1870 2938 2014 3002 Sicci
2051 2944 2232 2990 statua
2263 2938 2385 3005 fuit,

357 3025 493 3077 unde
527 3027 682 3080 vicus
720 3032 932 3080 statuae
969 3026 1179 3079 Sicciae
1215 3041 1398 3077 nomen
1438 3023 1659 3081 sortitus
1697 3027 1798 3089 est,
1837 3024 1988 3076 cuius
2026 3024 2253 3089 elogium
2286 3040 2383 3089 pro

357 3113 614 3166 communi
663 3114 821 3168 huius
874 3112 1093 3180 exempli
1139 3116 1194 3163 et
1244 3111 1405 3164 Plinii
1437 3112 1581 3163 fonte
1617 3109 1800 3161 haberi
1836 3116 2027 3175 potest.
2101 3110 2157 3160 P.
2193 3109 2408 3161 victor

354 3199 434 3251 De
470 3198 726 3266 regionib.
761 3202 874 3255 urb.
911 3217 960 3267 p.
999 3201 1116 3251 110.
1152 3198 1209 3251 in
1244 3185 1437 3251 GraeV.
1476 3198 1639 3249 Thes.
1677 3197 1850 3264 Antiq.
1888 3212 2015 3249 rom.
2052 3199 2181 3251 'l'om
2216 3198 2306 3251 IV.

532 3407 600 3469 L.
639 3407 899 3469 Sicinius
931 3408 1216 3471 Dentatus
1250 3409 1411 3471 Trib.
1446 3412 1525 3489 pl.
1558 3411 1784 3471 centies
1818 3411 2002 3471 vicies
2032 3409 2377 3489 praeliatuS,

274 3598 280 3603 .
357 3520 547 3579 octies
568 3536 640 3579 ex
670 3520 1098 3598 provocatione
1128 3520 1334 3590 victor,
1364 3519 1525 3586 XLV
1547 3499 1921 3584 cicatricibus
1956 3520 2208 3584 adverso
2243 3542 2379 3585 cor-

353 3645 501 3709 pore
531 3630 799 3708 insignia,
828 3632 988 3694 nulla
1017 3634 1076 3696 in
1107 3640 1295 3715 tergo.
1356 3633 1526 3695 Idem
1559 3635 1752 3715 spolia
1783 3636 1983 3714 coepit
2013 3632 2375 3707 XXXXIIII,

354 3741 607 3802 donatus
652 3740 839 3804 hastis
879 3745 1044 3822 puris
1085 3744 1290 3818 IIXX,
1319 3739 1583 3824 phaleris
1615 3744 1806 3816 XXV,
1856 3746 2170 3824 torquibus
2201 3717 2284 3807 111
2315 3757 2377 3810 et

352 3845 535 3923 LXX,
575 3851 819 3915 armillis
851 3851 1021 3926 CLX,
1056 3841 1297 3917 coronis
1315 3853 1555 3927 XXXV,
1588 3856 1795 3918 civicis
1812 3854 1969 3929 XIII,
2004 3858 2196 3920 aureis
2217 3856 2373 3930 VIII,
