<?xml version="1.0" encoding="UTF-8"?>
<!DOCTYPE html PUBLIC "-//W3C//DTD XHTML 1.0 Transitional//EN"
    "http://www.w3.org/TR/xhtml1/DTD/xhtml1-transitional.dtd">
<html xmlns="http://www.w3.org/1999/xhtml" xml:lang="en" lang="en">
 <head>
  <title>
</title>
<meta http-equiv="Content-Type" content="text/html;charset=utf-8" />
  <meta name='ocr-system' content='tesseract 3.04.00' />
  <meta name='ocr-capabilities' content='ocr_page ocr_carea ocr_par ocr_line ocrx_word'/>
</head>
<body>
  <div class='ocr_page' id='page_1' title='image "./elogiorumromano00bavagoog_0031.png"; bbox 0 0 2674 4449; ppageno 0'>
   <div class='ocr_carea' id='block_1_1' title="bbox 1221 302 1307 375">
    <p class='ocr_par' dir='ltr' id='par_1_1' title="bbox 1221 302 1307 375">
     <span class='ocr_line' id='line_1_1' title="bbox 1221 302 1307 375; baseline 0.023 -2"><span class='ocrx_word' id='word_1_1' title='bbox 1221 302 1307 375; x_wconf 77' lang='lat'><strong>2⁷</strong></span> 
     </span>
    </p>
   </div>
   <div class='ocr_carea' id='block_1_2' title="bbox 270 487 2272 914">
    <p class='ocr_par' dir='ltr' id='par_1_2' title="bbox 270 487 2272 914">
     <span class='ocr_line' id='line_1_2' title="bbox 271 487 2271 574; baseline 0.001 -20"><span class='ocrx_word' id='word_1_2' title='bbox 271 510 411 574; x_wconf 84' lang='lat' dir='ltr'><strong>rege</strong></span> <span class='ocrx_word' id='word_1_3' title='bbox 441 489 761 553; x_wconf 82' lang='lat' dir='ltr'><strong>Armeniae</strong></span> <span class='ocrx_word' id='word_1_4' title='bbox 790 487 1075 569; x_wconf 82' lang='lat' dir='ltr'><strong>Tigrane,</strong></span> <span class='ocrx_word' id='word_1_5' title='bbox 1111 488 1339 570; x_wconf 85' lang='lat' dir='ltr'><strong>magnis</strong></span> <span class='ocrx_word' id='word_1_6' title='bbox 1366 490 1671 571; x_wconf 87' lang='lat' dir='ltr'><strong>utriusque</strong></span> <span class='ocrx_word' id='word_1_7' title='bbox 1699 491 1853 568; x_wconf 87' lang='lat' dir='ltr'><strong>regis</strong></span> <span class='ocrx_word' id='word_1_8' title='bbox 1886 493 2074 572; x_wconf 90' lang='lat' dir='ltr'><strong>copiis</strong></span> <span class='ocrx_word' id='word_1_9' title='bbox 2110 510 2271 555; x_wconf 89' lang='lat' dir='ltr'><strong>com·</strong></span> 
     </span>
     <span class='ocr_line' id='line_1_3' title="bbox 270 601 2271 688; baseline 0 -22"><span class='ocrx_word' id='word_1_10' title='bbox 270 603 538 688; x_wconf 87' lang='lat' dir='ltr'><strong>pluribus</strong></span> <span class='ocrx_word' id='word_1_11' title='bbox 577 601 822 683; x_wconf 87' lang='lat' dir='ltr'><strong>proeliis</strong></span> <span class='ocrx_word' id='word_1_12' title='bbox 862 608 1021 664; x_wconf 83' lang='lat' dir='ltr'><strong>terra</strong></span> <span class='ocrx_word' id='word_1_13' title='bbox 1061 603 1328 682; x_wconf 86' lang='lat' dir='ltr'><strong>marique</strong></span> <span class='ocrx_word' id='word_1_14' title='bbox 1368 603 1674 682; x_wconf 85' lang='lat' dir='ltr'><strong>superatis.</strong></span> <span class='ocrx_word' id='word_1_15' title='bbox 1752 603 2056 684; x_wconf 86' lang='lat' dir='ltr'><strong>Collegam</strong></span> <span class='ocrx_word' id='word_1_16' title='bbox 2101 624 2271 667; x_wconf 89' lang='lat' dir='ltr'><strong>suum</strong></span> 
     </span>
     <span class='ocr_line' id='line_1_4' title="bbox 271 713 2272 799; baseline 0 -20"><span class='ocrx_word' id='word_1_17' title='bbox 271 719 513 799; x_wconf 88' lang='lat' dir='ltr'><strong>pulsum</strong></span> <span class='ocrx_word' id='word_1_18' title='bbox 542 734 576 777; x_wconf 83' lang='lat' dir='ltr'><strong>a</strong></span> <span class='ocrx_word' id='word_1_19' title='bbox 614 733 756 795; x_wconf 84' lang='lat' dir='ltr'><strong>rege</strong></span> <span class='ocrx_word' id='word_1_20' title='bbox 785 713 1100 786; x_wconf 76' lang='lat' dir='ltr'><strong>Mitridate,</strong></span> <span class='ocrx_word' id='word_1_21' title='bbox 1135 733 1272 777; x_wconf 88' lang='lat' dir='ltr'><strong>cum</strong></span> <span class='ocrx_word' id='word_1_22' title='bbox 1310 733 1379 776; x_wconf 91' lang='lat' dir='ltr'><strong>se</strong></span> <span class='ocrx_word' id='word_1_23' title='bbox 1410 716 1463 776; x_wconf 90' lang='lat' dir='ltr'><strong>is</strong></span> <span class='ocrx_word' id='word_1_24' title='bbox 1498 713 1873 778; x_wconf 80' lang='lat' dir='ltr'><strong>Calchadona</strong></span> <span class='ocrx_word' id='word_1_25' title='bbox 1905 717 2272 790; x_wconf 86' lang='lat' dir='ltr'><strong>contulisset,</strong></span> 
     </span>
     <span class='ocr_line' id='line_1_5' title="bbox 277 830 898 914; baseline -0.006 -19"><span class='ocrx_word' id='word_1_26' title='bbox 277 831 588 914; x_wconf 81' lang='lat' dir='ltr'><strong>opsidione</strong></span> <span class='ocrx_word' id='word_1_27' title='bbox 618 830 898 893; x_wconf 81' lang='lat' dir='ltr'><strong>liberavit.</strong></span> 
     </span>
    </p>
   </div>
   <div class='ocr_carea' id='block_1_3' title="bbox 218 1031 2322 3010">
    <p class='ocr_par' dir='ltr' id='par_1_3' title="bbox 218 1031 2322 2400">
     <span class='ocr_line' id='line_1_6' title="bbox 423 1031 2276 1087; baseline 0.001 -2"><span class='ocrx_word' id='word_1_28' title='bbox 423 1033 543 1086; x_wconf 68' lang='lat'><strong>00³.</strong></span> <span class='ocrx_word' id='word_1_29' title='bbox 615 1032 813 1085; x_wconf 86' lang='grc'><strong>00115111</strong></span> <span class='ocrx_word' id='word_1_30' title='bbox 859 1033 1113 1085; x_wconf 79' lang='lat' dir='ltr'><strong>Lucullus</strong></span> <span class='ocrx_word' id='word_1_31' title='bbox 1158 1031 1256 1084; x_wconf 82' lang='lat' dir='ltr'><strong>fuit</strong></span> <span class='ocrx_word' id='word_1_32' title='bbox 1305 1048 1421 1085; x_wconf 92' lang='grc'><strong>011111</strong></span> <span class='ocrx_word' id='word_1_33' title='bbox 1463 1034 1677 1086; x_wconf 85' lang='lat' dir='ltr'><strong>Aurelio</strong></span> <span class='ocrx_word' id='word_1_34' title='bbox 1714 1031 1868 1085; x_wconf 81' lang='lat' dir='ltr'><strong>Cotta</strong></span> <span class='ocrx_word' id='word_1_35' title='bbox 1902 1050 1949 1085; x_wconf 89' lang='lat' dir='ltr'><strong>a.</strong></span> <span class='ocrx_word' id='word_1_36' title='bbox 1985 1051 2036 1086; x_wconf 88' lang='lat' dir='ltr'><strong>u.</strong></span> <span class='ocrx_word' id='word_1_37' title='bbox 2076 1050 2122 1086; x_wconf 92' lang='lat' dir='ltr'><strong>c.</strong></span> <span class='ocrx_word' id='word_1_38' title='bbox 2158 1036 2276 1087; x_wconf 78' lang='lat'><strong>679.</strong></span> 
     </span>
     <span class='ocr_line' id='line_1_7' title="bbox 285 1113 2279 1188; baseline -0.001 -13"><span class='ocrx_word' id='word_1_39' title='bbox 285 1123 566 1175; x_wconf 88' lang='lat' dir='ltr'><strong>secundum</strong></span> <span class='ocrx_word' id='word_1_40' title='bbox 600 1113 794 1172; x_wconf 83' lang='lat' dir='ltr'><strong>Fastos</strong></span> <span class='ocrx_word' id='word_1_41' title='bbox 829 1118 1105 1187; x_wconf 75' lang='lat' dir='ltr'><strong>capitolin.</strong></span> <span class='ocrx_word' id='word_1_42' title='bbox 1143 1120 1285 1181; x_wconf 89' lang='lat' dir='ltr'><strong>(ante</strong></span> <span class='ocrx_word' id='word_1_43' title='bbox 1322 1121 1446 1171; x_wconf 85' lang='lat' dir='ltr'><strong>Chr.</strong></span> <span class='ocrx_word' id='word_1_44' title='bbox 1481 1119 1577 1187; x_wconf 76' lang='lat'><strong>¹⁷4)</strong></span> <span class='ocrx_word' id='word_1_45' title='bbox 1617 1122 1680 1171; x_wconf 89' lang='lat' dir='ltr'><strong>de</strong></span> <span class='ocrx_word' id='word_1_46' title='bbox 1716 1136 1812 1188; x_wconf 85' lang='lat' dir='ltr'><strong>quo</strong></span> <span class='ocrx_word' id='word_1_47' title='bbox 1849 1119 1963 1171; x_wconf 86' lang='lat' dir='ltr'><strong>eius</strong></span> <span class='ocrx_word' id='word_1_48' title='bbox 2001 1123 2279 1174; x_wconf 77' lang='lat' dir='ltr'><strong>consulatu</strong></span> 
     </span>
     <span class='ocr_line' id='line_1_8' title="bbox 278 1196 2279 1275; baseline -0.001 -13"><span class='ocrx_word' id='word_1_49' title='bbox 278 1210 462 1262; x_wconf 82' lang='lat' dir='ltr'><strong>Cicero</strong></span> <span class='ocrx_word' id='word_1_50' title='bbox 496 1209 660 1260; x_wconf 88' lang='lat' dir='ltr'><strong>Acad.</strong></span> <span class='ocrx_word' id='word_1_51' title='bbox 697 1211 908 1271; x_wconf 78' lang='lat' dir='ltr'><strong>Quaest.</strong></span> <span class='ocrx_word' id='word_1_52' title='bbox 945 1207 1013 1273; x_wconf 89' lang='lat'><strong>11,</strong></span> <span class='ocrx_word' id='word_1_53' title='bbox 1053 1209 1136 1258; x_wconf 88' lang='lat'><strong>1.:</strong></span> <span class='ocrx_word' id='word_1_54' title='bbox 1187 1196 1563 1273; x_wconf 80' lang='lat' dir='ltr'><strong>„Consulatum</strong></span> <span class='ocrx_word' id='word_1_55' title='bbox 1601 1208 1673 1259; x_wconf 89' lang='lat' dir='ltr'><strong>ita</strong></span> <span class='ocrx_word' id='word_1_56' title='bbox 1708 1207 1912 1273; x_wconf 79' lang='lat' dir='ltr'><strong>gessit,</strong></span> <span class='ocrx_word' id='word_1_57' title='bbox 1955 1213 2012 1259; x_wconf 88' lang='lat' dir='ltr'><strong>ut</strong></span> <span class='ocrx_word' id='word_1_58' title='bbox 2045 1209 2279 1275; x_wconf 88' lang='lat' dir='ltr'><strong>diligen-</strong></span> 
     </span>
     <span class='ocr_line' id='line_1_9' title="bbox 275 1293 2281 1361; baseline -0 -13"><span class='ocrx_word' id='word_1_59' title='bbox 275 1297 401 1348; x_wconf 89' lang='lat' dir='ltr'><strong>tiam</strong></span> <span class='ocrx_word' id='word_1_60' title='bbox 422 1296 818 1349; x_wconf 79' lang='lat' dir='ltr'><strong>,admirarentur</strong></span> <span class='ocrx_word' id='word_1_61' title='bbox 854 1311 1060 1361; x_wconf 86' lang='lat' dir='ltr'><strong>omnes,</strong></span> <span class='ocrx_word' id='word_1_62' title='bbox 1097 1293 1360 1358; x_wconf 78' lang='lat' dir='ltr'><strong>ingenium</strong></span> <span class='ocrx_word' id='word_1_63' title='bbox 1396 1300 1791 1359; x_wconf 76' lang='lat' dir='ltr'><strong>cognoscerent.</strong></span> <span class='ocrx_word' id='word_1_64' title='bbox 1829 1296 2147 1347; x_wconf 79' lang='lat' dir='ltr'><strong>—Praclor</strong></span> <span class='ocrx_word' id='word_1_65' title='bbox 2180 1297 2281 1347; x_wconf 80' lang='lat' dir='ltr'><strong>fuit</strong></span> 
     </span>
     <span class='ocr_line' id='line_1_10' title="bbox 278 1380 2279 1435; baseline 0 -1"><span class='ocrx_word' id='word_1_66' title='bbox 278 1400 326 1434; x_wconf 87' lang='lat' dir='ltr'><strong>a.</strong></span> <span class='ocrx_word' id='word_1_67' title='bbox 363 1399 411 1434; x_wconf 98' lang='lat' dir='ltr'><strong>u.</strong></span> <span class='ocrx_word' id='word_1_68' title='bbox 450 1384 552 1433; x_wconf 77' lang='lat'><strong>676</strong></span> <span class='ocrx_word' id='word_1_69' title='bbox 588 1382 693 1434; x_wconf 88' lang='grc'><strong>010.</strong></span> <span class='ocrx_word' id='word_1_70' title='bbox 727 1383 892 1433; x_wconf 87' lang='lat' dir='ltr'><strong>Acad.</strong></span> <span class='ocrx_word' id='word_1_71' title='bbox 925 1381 966 1431; x_wconf 94' lang='grc'><strong>1.</strong></span> <span class='ocrx_word' id='word_1_72' title='bbox 999 1382 1036 1431; x_wconf 92' lang='lat' dir='ltr'><strong>l.</strong></span> <span class='ocrx_word' id='word_1_73' title='bbox 1072 1408 1144 1418; x_wconf 89' lang='lat'>—</span> <span class='ocrx_word' id='word_1_74' title='bbox 1189 1380 1396 1432; x_wconf 62' lang='lat' dir='ltr'><strong>Aedilis</strong></span> <span class='ocrx_word' id='word_1_75' title='bbox 1450 1382 1663 1433; x_wconf 71' lang='lat' dir='ltr'><strong>curulis</strong></span> <span class='ocrx_word' id='word_1_76' title='bbox 1717 1398 1766 1432; x_wconf 87' lang='lat' dir='ltr'><strong>a.</strong></span> <span class='ocrx_word' id='word_1_77' title='bbox 1804 1398 1853 1433; x_wconf 98' lang='lat' dir='ltr'><strong>u.</strong></span> <span class='ocrx_word' id='word_1_78' title='bbox 1892 1385 1993 1433; x_wconf 76' lang='lat'><strong>675</strong></span> <span class='ocrx_word' id='word_1_79' title='bbox 2031 1398 2132 1434; x_wconf 83' lang='lat' dir='ltr'><strong>una</strong></span> <span class='ocrx_word' id='word_1_80' title='bbox 2167 1399 2279 1435; x_wconf 89' lang='grc'><strong>011111</strong></span> 
     </span>
     <span class='ocr_line' id='line_1_11' title="bbox 272 1467 2280 1535; baseline -0 -15"><span class='ocrx_word' id='word_1_81' title='bbox 272 1471 456 1520; x_wconf 83' lang='lat' dir='ltr'><strong>Marco</strong></span> <span class='ocrx_word' id='word_1_82' title='bbox 490 1470 691 1533; x_wconf 81' lang='lat' dir='ltr'><strong>fratre,</strong></span> <span class='ocrx_word' id='word_1_83' title='bbox 728 1469 923 1518; x_wconf 89' lang='lat' dir='ltr'><strong>absens</strong></span> <span class='ocrx_word' id='word_1_84' title='bbox 963 1473 1190 1519; x_wconf 74' lang='lat' dir='ltr'><strong>creatuS.</strong></span> <span class='ocrx_word' id='word_1_85' title='bbox 1260 1467 1445 1518; x_wconf 84' lang='lat' dir='ltr'><strong>Cicero</strong></span> <span class='ocrx_word' id='word_1_86' title='bbox 1483 1468 1517 1519; x_wconf 88' lang='lat'><strong>1.</strong></span> <span class='ocrx_word' id='word_1_87' title='bbox 1552 1469 1589 1518; x_wconf 94' lang='lat' dir='ltr'><strong>l.</strong></span> <span class='ocrx_word' id='word_1_88' title='bbox 1625 1467 1889 1520; x_wconf 76' lang='lat' dir='ltr'><strong>Plutarch.</strong></span> <span class='ocrx_word' id='word_1_89' title='bbox 1927 1469 2130 1522; x_wconf 87' lang='lat' dir='ltr'><strong>Lucull.</strong></span> <span class='ocrx_word' id='word_1_90' title='bbox 2168 1484 2280 1535; x_wconf 91' lang='lat' dir='ltr'><strong>cap.</strong></span> 
     </span>
     <span class='ocr_line' id='line_1_12' title="bbox 272 1553 2280 1622; baseline -0 -16"><span class='ocrx_word' id='word_1_91' title='bbox 272 1558 347 1622; x_wconf 87' lang='lat'><strong>1.,</strong></span> <span class='ocrx_word' id='word_1_92' title='bbox 403 1556 536 1622; x_wconf 83' lang='lat' dir='ltr'><strong>quod</strong></span> <span class='ocrx_word' id='word_1_93' title='bbox 586 1569 773 1605; x_wconf 89' lang='lat' dir='ltr'><strong>munus</strong></span> <span class='ocrx_word' id='word_1_94' title='bbox 822 1553 1021 1618; x_wconf 82' lang='lat' dir='ltr'><strong>insigni</strong></span> <span class='ocrx_word' id='word_1_95' title='bbox 1057 1553 1443 1619; x_wconf 84' lang='lat' dir='ltr'><strong>magnificentia</strong></span> <span class='ocrx_word' id='word_1_96' title='bbox 1477 1556 1667 1618; x_wconf 78' lang='lat' dir='ltr'><strong>gessit.</strong></span> <span class='ocrx_word' id='word_1_97' title='bbox 1707 1554 1814 1608; x_wconf 86' lang='grc'><strong>010.</strong></span> <span class='ocrx_word' id='word_1_98' title='bbox 1854 1556 1950 1609; x_wconf 85' lang='lat' dir='ltr'><strong>off.</strong></span> <span class='ocrx_word' id='word_1_99' title='bbox 1985 1557 2058 1621; x_wconf 90' lang='lat'><strong>11,</strong></span> <span class='ocrx_word' id='word_1_100' title='bbox 2094 1557 2176 1606; x_wconf 88' lang='grc'><strong>16.</strong></span> <span class='ocrx_word' id='word_1_101' title='bbox 2214 1584 2280 1596; x_wconf 91' lang='lat'><em>-</em></span> 
     </span>
     <span class='ocr_line' id='line_1_13' title="bbox 275 1640 2280 1710; baseline 0 -18"><span class='ocrx_word' id='word_1_102' title='bbox 275 1643 567 1706; x_wconf 70' lang='lat' dir='ltr'><strong>Quaestor.</strong></span> <span class='ocrx_word' id='word_1_103' title='bbox 606 1640 862 1691; x_wconf 88' lang='lat' dir='ltr'><strong>Lucullus</strong></span> <span class='ocrx_word' id='word_1_104' title='bbox 899 1657 990 1707; x_wconf 93' lang='lat' dir='ltr'><strong>pro</strong></span> <span class='ocrx_word' id='word_1_105' title='bbox 1029 1646 1307 1709; x_wconf 85' lang='lat' dir='ltr'><strong>quaestore</strong></span> <span class='ocrx_word' id='word_1_106' title='bbox 1339 1641 1690 1697; x_wconf 77' lang='lat' dir='ltr'><strong>Alexandriae</strong></span> <span class='ocrx_word' id='word_1_107' title='bbox 1725 1643 1843 1694; x_wconf 82' lang='lat' dir='ltr'><strong>fuit.</strong></span> <span class='ocrx_word' id='word_1_108' title='bbox 1881 1644 1990 1694; x_wconf 91' lang='grc'><strong>010.</strong></span> <span class='ocrx_word' id='word_1_109' title='bbox 2009 1643 2172 1695; x_wconf 88' lang='lat' dir='ltr'><strong>Acad.</strong></span> <span class='ocrx_word' id='word_1_110' title='bbox 2209 1644 2280 1710; x_wconf 90' lang='lat'><strong>11,</strong></span> 
     </span>
     <span class='ocr_line' id='line_1_14' title="bbox 277 1727 2278 1795; baseline 0.001 -17"><span class='ocrx_word' id='word_1_111' title='bbox 277 1730 327 1779; x_wconf 80' lang='lat'><strong>4.</strong></span> <span class='ocrx_word' id='word_1_112' title='bbox 368 1729 510 1791; x_wconf 76' lang='lat' dir='ltr'><strong>Quae</strong></span> <span class='ocrx_word' id='word_1_113' title='bbox 546 1727 761 1793; x_wconf 79' lang='lat' dir='ltr'><strong>egregie</strong></span> <span class='ocrx_word' id='word_1_114' title='bbox 796 1727 850 1778; x_wconf 89' lang='lat' dir='ltr'><strong>in</strong></span> <span class='ocrx_word' id='word_1_115' title='bbox 887 1728 1065 1779; x_wconf 84' lang='lat' dir='ltr'><strong>Sullae</strong></span> <span class='ocrx_word' id='word_1_116' title='bbox 1102 1729 1328 1779; x_wconf 87' lang='lat' dir='ltr'><strong>exercitu</strong></span> <span class='ocrx_word' id='word_1_117' title='bbox 1364 1732 1611 1795; x_wconf 84' lang='lat' dir='ltr'><strong>quaestor</strong></span> <span class='ocrx_word' id='word_1_118' title='bbox 1645 1729 1917 1794; x_wconf 87' lang='lat' dir='ltr'><strong>gesserit,</strong></span> <span class='ocrx_word' id='word_1_119' title='bbox 1964 1730 2278 1782; x_wconf 86' lang='lat' dir='ltr'><strong>Plutarchus</strong></span> 
     </span>
     <span class='ocr_line' id='line_1_15' title="bbox 276 1813 2322 1884; baseline -0 -17"><span class='ocrx_word' id='word_1_120' title='bbox 276 1813 490 1867; x_wconf 88' lang='lat' dir='ltr'><strong>uberius</strong></span> <span class='ocrx_word' id='word_1_121' title='bbox 527 1819 708 1866; x_wconf 85' lang='lat' dir='ltr'><strong>narrat</strong></span> <span class='ocrx_word' id='word_1_122' title='bbox 741 1815 774 1865; x_wconf 90' lang='grc'><strong>1.</strong></span> <span class='ocrx_word' id='word_1_123' title='bbox 811 1816 849 1865; x_wconf 92' lang='lat' dir='ltr'><strong>l.</strong></span> <span class='ocrx_word' id='word_1_124' title='bbox 891 1830 1002 1881; x_wconf 86' lang='lat' dir='ltr'><strong>cap.</strong></span> <span class='ocrx_word' id='word_1_125' title='bbox 1031 1817 1066 1866; x_wconf 94' lang='grc'><strong>2</strong></span> <span class='ocrx_word' id='word_1_126' title='bbox 1102 1830 1245 1884; x_wconf 83' lang='lat' dir='ltr'><strong>seqq.</strong></span> <span class='ocrx_word' id='word_1_127' title='bbox 1281 1814 1534 1865; x_wconf 84' lang='lat' dir='ltr'><strong>Aurelius</strong></span> <span class='ocrx_word' id='word_1_128' title='bbox 1570 1814 1751 1866; x_wconf 86' lang='lat' dir='ltr'><strong>Victor</strong></span> <span class='ocrx_word' id='word_1_129' title='bbox 1786 1815 1850 1880; x_wconf 82' lang='lat'><strong>(1.</strong></span> <span class='ocrx_word' id='word_1_130' title='bbox 1886 1816 1922 1866; x_wconf 92' lang='grc'><strong>1.</strong></span> <span class='ocrx_word' id='word_1_131' title='bbox 1962 1815 2048 1884; x_wconf 92' lang='lat' dir='ltr'><strong>qui</strong></span> <span class='ocrx_word' id='word_1_132' title='bbox 2082 1816 2282 1868; x_wconf 89' lang='lat' dir='ltr'><strong>Lucul-</strong></span> <span class='ocrx_word' id='word_1_133' title='bbox 2317 1849 2322 1854; x_wconf 86' lang='lat'>·</span> 
     </span>
     <span class='ocr_line' id='line_1_16' title="bbox 280 1898 2283 1971; baseline 0.001 -19"><span class='ocrx_word' id='word_1_134' title='bbox 280 1902 383 1955; x_wconf 90' lang='lat' dir='ltr'><strong>lum</strong></span> <span class='ocrx_word' id='word_1_135' title='bbox 419 1917 634 1969; x_wconf 86' lang='lat' dir='ltr'><strong>„munus</strong></span> <span class='ocrx_word' id='word_1_136' title='bbox 673 1902 1022 1969; x_wconf 86' lang='lat' dir='ltr'><strong>quaestorium</strong></span> <span class='ocrx_word' id='word_1_137' title='bbox 1060 1900 1439 1968; x_wconf 86' lang='lat' dir='ltr'><strong>amplissimum</strong></span> <span class='ocrx_word' id='word_1_138' title='bbox 1475 1898 1722 1953; x_wconf 88' lang='lat' dir='ltr'><strong>dedisse“</strong></span> <span class='ocrx_word' id='word_1_139' title='bbox 1776 1903 1987 1969; x_wconf 87' lang='lat' dir='ltr'><strong>scribit,</strong></span> <span class='ocrx_word' id='word_1_140' title='bbox 2035 1909 2283 1971; x_wconf 83' lang='lat' dir='ltr'><strong>quaesto-</strong></span> 
     </span>
     <span class='ocr_line' id='line_1_17' title="bbox 281 1987 2286 2042; baseline 0 -3"><span class='ocrx_word' id='word_1_141' title='bbox 281 1991 415 2040; x_wconf 90' lang='lat' dir='ltr'><strong>rium</strong></span> <span class='ocrx_word' id='word_1_142' title='bbox 468 2004 583 2039; x_wconf 87' lang='lat' dir='ltr'><strong>cum</strong></span> <span class='ocrx_word' id='word_1_143' title='bbox 636 1987 870 2038; x_wconf 88' lang='lat' dir='ltr'><strong>aedilitio</strong></span> <span class='ocrx_word' id='word_1_144' title='bbox 921 2002 1155 2038; x_wconf 28' lang='lat' dir='ltr'><strong>munere*</strong></span> <span class='ocrx_word' id='word_1_145' title='bbox 1193 1988 1436 2039; x_wconf 80' lang='lat' dir='ltr'><strong>confudit.</strong></span> <span class='ocrx_word' id='word_1_146' title='bbox 1488 2016 1557 2025; x_wconf 93' lang='lat'>—</span> <span class='ocrx_word' id='word_1_147' title='bbox 1608 1991 1899 2041; x_wconf 77' lang='lat' dir='ltr'><strong>Tribunum</strong></span> <span class='ocrx_word' id='word_1_148' title='bbox 1957 1990 2179 2042; x_wconf 73' lang='lat' dir='ltr'><strong>militem</strong></span> <span class='ocrx_word' id='word_1_149' title='bbox 2234 1994 2286 2040; x_wconf 89' lang='lat' dir='ltr'><strong>et</strong></span> 
     </span>
     <span class='ocr_line' id='line_1_18' title="bbox 279 2071 2283 2142; baseline 0.001 -18"><span class='ocrx_word' id='word_1_150' title='bbox 279 2074 549 2141; x_wconf 63' lang='lat' dir='ltr'><strong>Anam-em</strong></span> <span class='ocrx_word' id='word_1_151' title='bbox 592 2071 871 2123; x_wconf 88' lang='lat' dir='ltr'><strong>Lucullum</strong></span> <span class='ocrx_word' id='word_1_152' title='bbox 919 2073 1024 2123; x_wconf 86' lang='lat' dir='ltr'><strong>alio</strong></span> <span class='ocrx_word' id='word_1_153' title='bbox 1064 2073 1174 2124; x_wconf 89' lang='lat' dir='ltr'><strong>loco</strong></span> <span class='ocrx_word' id='word_1_154' title='bbox 1210 2078 1421 2138; x_wconf 87' lang='lat' dir='ltr'><strong>praeter</strong></span> <span class='ocrx_word' id='word_1_155' title='bbox 1454 2073 1589 2127; x_wconf 87' lang='lat' dir='ltr'><strong>hanc</strong></span> <span class='ocrx_word' id='word_1_156' title='bbox 1624 2074 2017 2142; x_wconf 87' lang='lat' dir='ltr'><strong>inscriptionem</strong></span> <span class='ocrx_word' id='word_1_157' title='bbox 2054 2091 2283 2127; x_wconf 89' lang='lat' dir='ltr'><strong>commc-</strong></span> 
     </span>
     <span class='ocr_line' id='line_1_19' title="bbox 218 2157 2286 2234; baseline 0.002 -23"><span class='ocrx_word' id='word_1_158' title='bbox 218 2227 229 2234; x_wconf 41' lang='lat'>-</span> <span class='ocrx_word' id='word_1_159' title='bbox 279 2164 534 2212; x_wconf 87' lang='lat' dir='ltr'><strong>moratum</strong></span> <span class='ocrx_word' id='word_1_160' title='bbox 568 2173 668 2210; x_wconf 91' lang='lat' dir='ltr'><strong>non</strong></span> <span class='ocrx_word' id='word_1_161' title='bbox 703 2157 924 2210; x_wconf 87' lang='lat' dir='ltr'><strong>invenio.</strong></span> <span class='ocrx_word' id='word_1_162' title='bbox 991 2161 1271 2211; x_wconf 76' lang='lat' dir='ltr'><strong>Tribunum</strong></span> <span class='ocrx_word' id='word_1_163' title='bbox 1306 2159 1528 2212; x_wconf 91' lang='lat' dir='ltr'><strong>militum</strong></span> <span class='ocrx_word' id='word_1_164' title='bbox 1560 2161 1615 2212; x_wconf 92' lang='lat' dir='ltr'><strong>in</strong></span> <span class='ocrx_word' id='word_1_165' title='bbox 1650 2162 1788 2213; x_wconf 90' lang='lat' dir='ltr'><strong>bello</strong></span> <span class='ocrx_word' id='word_1_166' title='bbox 1822 2162 2054 2215; x_wconf 87' lang='lat' dir='ltr'><strong>Marsico</strong></span> <span class='ocrx_word' id='word_1_167' title='bbox 2088 2164 2286 2215; x_wconf 80' lang='lat' dir='ltr'><strong>factum</strong></span> 
     </span>
     <span class='ocr_line' id='line_1_20' title="bbox 288 2235 2283 2317; baseline 0.001 -17"><span class='ocrx_word' id='word_1_168' title='bbox 288 2263 434 2315; x_wconf 89' lang='lat' dir='ltr'><strong>esse,</strong></span> <span class='ocrx_word' id='word_1_169' title='bbox 467 2247 734 2313; x_wconf 82' lang='lat' dir='ltr'><strong>probabile</strong></span> <span class='ocrx_word' id='word_1_170' title='bbox 772 2235 874 2311; x_wconf 87' lang='lat' dir='ltr'><strong>est,</strong></span> <span class='ocrx_word' id='word_1_171' title='bbox 913 2247 966 2299; x_wconf 94' lang='grc'><strong>111</strong></span> <span class='ocrx_word' id='word_1_172' title='bbox 1002 2264 1097 2315; x_wconf 90' lang='lat' dir='ltr'><strong>quo</strong></span> <span class='ocrx_word' id='word_1_173' title='bbox 1133 2247 1341 2299; x_wconf 87' lang='lat' dir='ltr'><strong>iuvenis</strong></span> <span class='ocrx_word' id='word_1_174' title='bbox 1377 2249 1621 2300; x_wconf 88' lang='lat' dir='ltr'><strong>militiam</strong></span> <span class='ocrx_word' id='word_1_175' title='bbox 1658 2251 1963 2317; x_wconf 84' lang='lat' dir='ltr'><strong>capessivit.</strong></span> <span class='ocrx_word' id='word_1_176' title='bbox 2015 2251 2283 2304; x_wconf 86' lang='lat' dir='ltr'><strong>Plutarch.</strong></span> 
     </span>
     <span class='ocr_line' id='line_1_21' title="bbox 280 2334 2191 2400; baseline 0.001 -13"><span class='ocrx_word' id='word_1_177' title='bbox 280 2334 486 2387; x_wconf 88' lang='lat' dir='ltr'><strong>Lucull.</strong></span> <span class='ocrx_word' id='word_1_178' title='bbox 523 2349 636 2400; x_wconf 86' lang='lat' dir='ltr'><strong>cap.</strong></span> <span class='ocrx_word' id='word_1_179' title='bbox 673 2335 726 2384; x_wconf 82' lang='lat'><strong>2.</strong></span> <span class='ocrx_word' id='word_1_180' title='bbox 2185 2383 2191 2388; x_wconf 86' lang='lat'><strong>.</strong></span> 
     </span>
    </p>

    <p class='ocr_par' dir='ltr' id='par_1_4' title="bbox 279 2420 2287 3010">
     <span class='ocr_line' id='line_1_22' title="bbox 418 2420 2285 2492; baseline 0.002 -20"><span class='ocrx_word' id='word_1_181' title='bbox 418 2421 781 2488; x_wconf 68' lang='lat' dir='ltr'><strong>Trt&#39;umpltavt&#39;t</strong></span> <span class='ocrx_word' id='word_1_182' title='bbox 816 2437 864 2472; x_wconf 89' lang='lat' dir='ltr'><strong>a.</strong></span> <span class='ocrx_word' id='word_1_183' title='bbox 900 2436 949 2470; x_wconf 90' lang='lat' dir='ltr'><strong>u.</strong></span> <span class='ocrx_word' id='word_1_184' title='bbox 988 2436 1030 2471; x_wconf 93' lang='lat' dir='ltr'><strong>c.</strong></span> <span class='ocrx_word' id='word_1_185' title='bbox 1068 2421 1171 2471; x_wconf 88' lang='grc'><strong>690</strong></span> <span class='ocrx_word' id='word_1_186' title='bbox 1207 2436 1254 2469; x_wconf 90' lang='lat' dir='ltr'><strong>a.</strong></span> <span class='ocrx_word' id='word_1_187' title='bbox 1292 2420 1387 2471; x_wconf 90' lang='grc'><strong>011.</strong></span> <span class='ocrx_word' id='word_1_188' title='bbox 1425 2423 1494 2472; x_wconf 87' lang='grc'><strong>63</strong></span> <span class='ocrx_word' id='word_1_189' title='bbox 1545 2426 1815 2492; x_wconf 86' lang='lat' dir='ltr'><strong>postquam</strong></span> <span class='ocrx_word' id='word_1_190' title='bbox 1858 2423 2081 2476; x_wconf 87' lang='lat' dir='ltr'><strong>tribunis</strong></span> <span class='ocrx_word' id='word_1_191' title='bbox 2117 2426 2285 2491; x_wconf 88' lang='lat' dir='ltr'><strong>plebis</strong></span> 
     </span>
     <span class='ocr_line' id='line_1_23' title="bbox 283 2507 2287 2575; baseline 0.001 -15"><span class='ocrx_word' id='word_1_192' title='bbox 283 2507 676 2575; x_wconf 88' lang='lat' dir='ltr'><strong>impedientibus</strong></span> <span class='ocrx_word' id='word_1_193' title='bbox 726 2523 820 2573; x_wconf 89' lang='lat' dir='ltr'><strong>per</strong></span> <span class='ocrx_word' id='word_1_194' title='bbox 854 2511 965 2559; x_wconf 87' lang='lat' dir='ltr'><strong>tres</strong></span> <span class='ocrx_word' id='word_1_195' title='bbox 1003 2522 1165 2558; x_wconf 90' lang='lat' dir='ltr'><strong>annos</strong></span> <span class='ocrx_word' id='word_1_196' title='bbox 1200 2507 1405 2559; x_wconf 83' lang='lat' dir='ltr'><strong>frustra</strong></span> <span class='ocrx_word' id='word_1_197' title='bbox 1437 2509 1573 2561; x_wconf 89' lang='lat' dir='ltr'><strong>hunc</strong></span> <span class='ocrx_word' id='word_1_198' title='bbox 1607 2510 1853 2561; x_wconf 88' lang='lat' dir='ltr'><strong>honorem</strong></span> <span class='ocrx_word' id='word_1_199' title='bbox 1889 2528 1922 2562; x_wconf 86' lang='lat' dir='ltr'><strong>a</strong></span> <span class='ocrx_word' id='word_1_200' title='bbox 1957 2520 2147 2564; x_wconf 88' lang='lat' dir='ltr'><strong>senatu</strong></span> <span class='ocrx_word' id='word_1_201' title='bbox 2184 2512 2287 2563; x_wconf 89' lang='lat' dir='ltr'><strong>sibi</strong></span> 
     </span>
     <span class='ocr_line' id='line_1_24' title="bbox 285 2593 2285 2661; baseline 0.002 -15"><span class='ocrx_word' id='word_1_202' title='bbox 285 2596 548 2647; x_wconf 87' lang='lat' dir='ltr'><strong>decretum</strong></span> <span class='ocrx_word' id='word_1_203' title='bbox 583 2595 922 2661; x_wconf 84' lang='lat' dir='ltr'><strong>exspectavit.</strong></span> <span class='ocrx_word' id='word_1_204' title='bbox 968 2593 1249 2659; x_wconf 82' lang='lat' dir='ltr'><strong>Copiosius</strong></span> <span class='ocrx_word' id='word_1_205' title='bbox 1288 2595 1598 2660; x_wconf 87' lang='lat' dir='ltr'><strong>triumphum</strong></span> <span class='ocrx_word' id='word_1_206' title='bbox 1631 2598 1880 2650; x_wconf 86' lang='lat' dir='ltr'><strong>describit</strong></span> <span class='ocrx_word' id='word_1_207' title='bbox 1906 2598 2173 2652; x_wconf 88' lang='lat' dir='ltr'><strong>Plutarch.</strong></span> <span class='ocrx_word' id='word_1_208' title='bbox 2194 2600 2285 2650; x_wconf 89' lang='grc'><strong>1.1.</strong></span> 
     </span>
     <span class='ocr_line' id='line_1_25' title="bbox 283 2680 2284 2752; baseline 0.003 -19"><span class='ocrx_word' id='word_1_209' title='bbox 283 2697 395 2747; x_wconf 88' lang='lat' dir='ltr'><strong>cap.</strong></span> <span class='ocrx_word' id='word_1_210' title='bbox 432 2683 516 2732; x_wconf 78' lang='lat'><strong>37.</strong></span> <span class='ocrx_word' id='word_1_211' title='bbox 566 2680 782 2733; x_wconf 87' lang='lat' dir='ltr'><strong>aliorum</strong></span> <span class='ocrx_word' id='word_1_212' title='bbox 833 2681 1144 2746; x_wconf 88' lang='lat' dir='ltr'><strong>scriptorum</strong></span> <span class='ocrx_word' id='word_1_213' title='bbox 1191 2681 1337 2731; x_wconf 88' lang='lat' dir='ltr'><strong>locos</strong></span> <span class='ocrx_word' id='word_1_214' title='bbox 1376 2683 1592 2747; x_wconf 87' lang='lat' dir='ltr'><strong>collegit</strong></span> <span class='ocrx_word' id='word_1_215' title='bbox 1623 2684 1900 2736; x_wconf 86' lang='lat' dir='ltr'><strong>Drumann.</strong></span> <span class='ocrx_word' id='word_1_216' title='bbox 1939 2686 1971 2737; x_wconf 94' lang='grc'><strong>1.</strong></span> <span class='ocrx_word' id='word_1_217' title='bbox 2009 2687 2043 2738; x_wconf 96' lang='lat' dir='ltr'><strong>l.</strong></span> <span class='ocrx_word' id='word_1_218' title='bbox 2081 2703 2128 2752; x_wconf 94' lang='lat' dir='ltr'><strong>p.</strong></span> <span class='ocrx_word' id='word_1_219' title='bbox 2166 2686 2284 2739; x_wconf 83' lang='lat'><strong>162.</strong></span> 
     </span>
     <span class='ocr_line' id='line_1_26' title="bbox 283 2768 2285 2840; baseline 0 -19"><span class='ocrx_word' id='word_1_220' title='bbox 283 2798 344 2806; x_wconf 89' lang='lat'>—</span> <span class='ocrx_word' id='word_1_221' title='bbox 383 2783 506 2821; x_wconf 80' lang='lat' dir='ltr'><strong>cum</strong></span> <span class='ocrx_word' id='word_1_222' title='bbox 539 2783 602 2821; x_wconf 70' lang='lat' dir='ltr'><strong>se</strong></span> <span class='ocrx_word' id='word_1_223' title='bbox 635 2770 690 2820; x_wconf 73' lang='lat' dir='ltr'><strong>is</strong></span> <span class='ocrx_word' id='word_1_224' title='bbox 729 2768 1061 2820; x_wconf 75' lang='lat' dir='ltr'><strong>Calchadona</strong></span> <span class='ocrx_word' id='word_1_225' title='bbox 1096 2774 1192 2821; x_wconf 80' lang='lat' dir='ltr'><strong>etc.</strong></span> <span class='ocrx_word' id='word_1_226' title='bbox 1245 2768 1427 2818; x_wconf 89' lang='lat' dir='ltr'><strong>Aurel.</strong></span> <span class='ocrx_word' id='word_1_227' title='bbox 1462 2769 1642 2822; x_wconf 89' lang='lat' dir='ltr'><strong>Victor</strong></span> <span class='ocrx_word' id='word_1_228' title='bbox 1675 2771 1711 2821; x_wconf 89' lang='lat' dir='ltr'><strong>l.</strong></span> <span class='ocrx_word' id='word_1_229' title='bbox 1747 2770 1783 2821; x_wconf 88' lang='lat'><strong>1.</strong></span> <span class='ocrx_word' id='word_1_230' title='bbox 1829 2773 2139 2840; x_wconf 82' lang='lat' dir='ltr'><strong>„Adversus</strong></span> <span class='ocrx_word' id='word_1_231' title='bbox 2175 2773 2285 2822; x_wconf 79' lang='lat' dir='ltr'><strong>Mi-</strong></span> 
     </span>
     <span class='ocr_line' id='line_1_27' title="bbox 279 2854 2283 2920; baseline 0.002 -13"><span class='ocrx_word' id='word_1_232' title='bbox 279 2856 560 2909; x_wconf 84' lang='lat' dir='ltr'><strong>thridatem</strong></span> <span class='ocrx_word' id='word_1_233' title='bbox 592 2857 792 2907; x_wconf 89' lang='lat' dir='ltr'><strong>missus</strong></span> <span class='ocrx_word' id='word_1_234' title='bbox 829 2856 1082 2920; x_wconf 84' lang='lat' dir='ltr'><strong>collegam</strong></span> <span class='ocrx_word' id='word_1_235' title='bbox 1118 2869 1267 2904; x_wconf 88' lang='lat' dir='ltr'><strong>suum</strong></span> <span class='ocrx_word' id='word_1_236' title='bbox 1302 2854 1507 2906; x_wconf 84' lang='lat' dir='ltr'><strong>Cottam</strong></span> <span class='ocrx_word' id='word_1_237' title='bbox 1536 2856 1863 2909; x_wconf 78' lang='lat' dir='ltr'><strong>Chalcedone</strong></span> <span class='ocrx_word' id='word_1_238' title='bbox 1900 2859 2179 2911; x_wconf 88' lang='lat' dir='ltr'><strong>obsessum</strong></span> <span class='ocrx_word' id='word_1_239' title='bbox 2211 2858 2283 2911; x_wconf 87' lang='lat' dir='ltr'><strong>li-</strong></span> 
     </span>
     <span class='ocr_line' id='line_1_28' title="bbox 285 2938 1859 3010; baseline 0.001 -17"><span class='ocrx_word' id='word_1_240' title='bbox 285 2938 540 2995; x_wconf 85' lang='lat' dir='ltr'><strong>beravit.“</strong></span> <span class='ocrx_word' id='word_1_241' title='bbox 576 2942 752 3010; x_wconf 88' lang='lat' dir='ltr'><strong>Ibique</strong></span> <span class='ocrx_word' id='word_1_242' title='bbox 786 2942 1084 3007; x_wconf 86' lang='lat' dir='ltr'><strong>Interprett.</strong></span> <span class='ocrx_word' id='word_1_243' title='bbox 1120 2946 1172 2992; x_wconf 88' lang='lat' dir='ltr'><strong>et</strong></span> <span class='ocrx_word' id='word_1_244' title='bbox 1205 2940 1471 2992; x_wconf 88' lang='lat' dir='ltr'><strong>Drumann</strong></span> <span class='ocrx_word' id='word_1_245' title='bbox 1509 2942 1543 2993; x_wconf 92' lang='grc'><strong>1.</strong></span> <span class='ocrx_word' id='word_1_246' title='bbox 1582 2942 1617 2994; x_wconf 93' lang='lat' dir='ltr'><strong>l.</strong></span> <span class='ocrx_word' id='word_1_247' title='bbox 1655 2960 1702 3009; x_wconf 91' lang='lat' dir='ltr'><strong>p.</strong></span> <span class='ocrx_word' id='word_1_248' title='bbox 1738 2945 1859 2995; x_wconf 81' lang='grc'><strong>129.</strong></span> 
     </span>
    </p>
   </div>
   <div class='ocr_carea' id='block_1_4' title="bbox 1090 3153 1498 3164">
    <p class='ocr_par' dir='ltr' id='par_1_5' title="bbox 1090 3153 1498 3164">
     <span class='ocr_line' id='line_1_29' title="bbox 1090 3153 1498 3164; baseline 0 1285"><span class='ocrx_word' id='word_1_249' title='bbox 1090 3153 1498 3164; x_wconf 95' lang='lat' dir='ltr'><strong> </strong></span> 
     </span>
    </p>
   </div>
   <div class='ocr_carea' id='block_1_5' title="bbox 926 3279 1637 3353">
    <p class='ocr_par' dir='ltr' id='par_1_6' title="bbox 926 3279 1637 3353">
     <span class='ocr_line' id='line_1_30' title="bbox 926 3279 1637 3353; baseline 0.001 -10"><span class='ocrx_word' id='word_1_250' title='bbox 926 3279 1021 3344; x_wconf 79' lang='grc' dir='ltr'><strong>Χ.</strong></span> <span class='ocrx_word' id='word_1_251' title='bbox 1067 3282 1160 3353; x_wconf 80' lang='lat' dir='ltr'><strong>C.</strong></span> <span class='ocrx_word' id='word_1_252' title='bbox 1195 3282 1637 3346; x_wconf 79' lang='lat' dir='ltr'><strong>octavius.</strong></span> 
     </span>
    </p>
   </div>
   <div class='ocr_carea' id='block_1_6' title="bbox 282 3422 2356 3669">
    <p class='ocr_par' dir='ltr' id='par_1_7' title="bbox 282 3422 2356 3669">
     <span class='ocr_line' id='line_1_31' title="bbox 421 3422 2288 3492; baseline -0.002 -15"><span class='ocrx_word' id='word_1_253' title='bbox 421 3424 895 3477; x_wconf 81' lang='lat' dir='ltr'><strong>Commemorantur</strong></span> <span class='ocrx_word' id='word_1_254' title='bbox 929 3424 1131 3477; x_wconf 79' lang='lat' dir='ltr'><strong>Octavii</strong></span> <span class='ocrx_word' id='word_1_255' title='bbox 1165 3440 1360 3492; x_wconf 82' lang='lat' dir='ltr'><strong>genus,</strong></span> <span class='ocrx_word' id='word_1_256' title='bbox 1395 3426 1646 3491; x_wconf 89' lang='lat' dir='ltr'><strong>honores,</strong></span> <span class='ocrx_word' id='word_1_257' title='bbox 1684 3422 2072 3489; x_wconf 75' lang='lat' dir='ltr'><strong>imperatorIum</strong></span> <span class='ocrx_word' id='word_1_258' title='bbox 2106 3435 2288 3475; x_wconf 89' lang='lat' dir='ltr'><strong>nomen</strong></span> 
     </span>
     <span class='ocr_line' id='line_1_32' title="bbox 282 3509 2356 3579; baseline -0.002 -13"><span class='ocrx_word' id='word_1_259' title='bbox 282 3515 337 3566; x_wconf 87' lang='grc'><strong>111</strong></span> <span class='ocrx_word' id='word_1_260' title='bbox 387 3510 699 3565; x_wconf 83' lang='lat' dir='ltr'><strong>Macedonia</strong></span> <span class='ocrx_word' id='word_1_261' title='bbox 739 3515 958 3576; x_wconf 86' lang='lat' dir='ltr'><strong>partum.</strong></span> <span class='ocrx_word' id='word_1_262' title='bbox 1041 3512 1324 3563; x_wconf 73' lang='lat' dir='ltr'><strong>Tribunum</strong></span> <span class='ocrx_word' id='word_1_263' title='bbox 1370 3511 1620 3576; x_wconf 88' lang='lat' dir='ltr'><strong>militum,</strong></span> <span class='ocrx_word' id='word_1_264' title='bbox 1661 3516 2026 3579; x_wconf 85' lang='lat' dir='ltr'><strong>quaestorem,</strong></span> <span class='ocrx_word' id='word_1_265' title='bbox 2063 3509 2289 3563; x_wconf 88' lang='lat' dir='ltr'><strong>iudicem</strong></span> <span class='ocrx_word' id='word_1_266' title='bbox 2354 3553 2356 3556; x_wconf 90' lang='lat'><strong>.</strong></span> 
     </span>
     <span class='ocr_line' id='line_1_33' title="bbox 286 3595 2289 3669; baseline -0.001 -16"><span class='ocrx_word' id='word_1_267' title='bbox 286 3600 608 3669; x_wconf 87' lang='lat' dir='ltr'><strong>questionum</strong></span> <span class='ocrx_word' id='word_1_268' title='bbox 660 3596 931 3650; x_wconf 79' lang='lat' dir='ltr'><strong>Octavium</strong></span> <span class='ocrx_word' id='word_1_269' title='bbox 977 3598 1149 3648; x_wconf 75' lang='lat' dir='ltr'><strong>fuisse</strong></span> <span class='ocrx_word' id='word_1_270' title='bbox 1187 3595 1290 3649; x_wconf 82' lang='lat' dir='ltr'><strong>alio</strong></span> <span class='ocrx_word' id='word_1_271' title='bbox 1327 3597 1442 3649; x_wconf 90' lang='lat' dir='ltr'><strong>loco</strong></span> <span class='ocrx_word' id='word_1_272' title='bbox 1478 3603 1689 3664; x_wconf 86' lang='lat' dir='ltr'><strong>praeter</strong></span> <span class='ocrx_word' id='word_1_273' title='bbox 1723 3599 1859 3650; x_wconf 82' lang='lat' dir='ltr'><strong>hanc</strong></span> <span class='ocrx_word' id='word_1_274' title='bbox 1895 3598 2289 3664; x_wconf 86' lang='lat' dir='ltr'><strong>inscriptionem</strong></span> 
     </span>
    </p>
   </div>
   <div class='ocr_carea' id='block_1_7' title="bbox 287 3677 2383 3752">
    <p class='ocr_par' dir='ltr' id='par_1_8' title="bbox 287 3677 2383 3752">
     <span class='ocr_line' id='line_1_34' title="bbox 287 3677 2383 3752; baseline 0 -14"><span class='ocrx_word' id='word_1_275' title='bbox 287 3702 388 3739; x_wconf 87' lang='lat' dir='ltr'><strong>non</strong></span> <span class='ocrx_word' id='word_1_276' title='bbox 426 3687 667 3752; x_wconf 80' lang='lat' dir='ltr'><strong>legimus.</strong></span> <span class='ocrx_word' id='word_1_277' title='bbox 755 3685 833 3735; x_wconf 89' lang='lat' dir='ltr'><strong>De</strong></span> <span class='ocrx_word' id='word_1_278' title='bbox 883 3684 998 3736; x_wconf 82' lang='lat' dir='ltr'><strong>eius</strong></span> <span class='ocrx_word' id='word_1_279' title='bbox 1046 3685 1160 3736; x_wconf 85' lang='lat' dir='ltr'><strong>vita</strong></span> <span class='ocrx_word' id='word_1_280' title='bbox 1203 3691 1450 3737; x_wconf 87' lang='lat' dir='ltr'><strong>accurate</strong></span> <span class='ocrx_word' id='word_1_281' title='bbox 1481 3677 1605 3750; x_wconf 67' lang='lat' dir='ltr'><strong>&#39;egit</strong></span> <span class='ocrx_word' id='word_1_282' title='bbox 1637 3687 1896 3737; x_wconf 86' lang='lat' dir='ltr'><strong>Drumann</strong></span> <span class='ocrx_word' id='word_1_283' title='bbox 1936 3684 2287 3750; x_wconf 79' lang='lat' dir='ltr'><strong>(Geschichte</strong></span> <span class='ocrx_word' id='word_1_284' title='bbox 2380 3717 2383 3724; x_wconf 39' lang='lat'><strong>⁴</strong></span> 
     </span>
    </p>
   </div>
   <div class='ocr_carea' id='block_1_8' title="bbox 286 3765 2332 4026">
    <p class='ocr_par' dir='ltr' id='par_1_9' title="bbox 286 3765 2332 4026">
     <span class='ocr_line' id='line_1_35' title="bbox 286 3765 2288 3839; baseline -0.001 -14"><span class='ocrx_word' id='word_1_285' title='bbox 286 3774 450 3825; x_wconf 82' lang='lat' dir='ltr'><strong>Roms</strong></span> <span class='ocrx_word' id='word_1_286' title='bbox 485 3777 585 3825; x_wconf 90' lang='lat' dir='ltr'><strong>etc.</strong></span> <span class='ocrx_word' id='word_1_287' title='bbox 621 3774 765 3825; x_wconf 70' lang='lat' dir='ltr'><strong>Tom.</strong></span> <span class='ocrx_word' id='word_1_288' title='bbox 800 3772 889 3823; x_wconf 87' lang='lat' dir='ltr'><strong>1v.</strong></span> <span class='ocrx_word' id='word_1_289' title='bbox 926 3765 1045 3839; x_wconf 79' lang='lat' dir='ltr'><strong>pag.</strong></span> <span class='ocrx_word' id='word_1_290' title='bbox 1084 3772 1204 3823; x_wconf 87' lang='grc'><strong>229.</strong></span> <span class='ocrx_word' id='word_1_291' title='bbox 1245 3787 1323 3823; x_wconf 89' lang='lat' dir='ltr'><strong>nr.</strong></span> <span class='ocrx_word' id='word_1_292' title='bbox 1359 3769 1473 3836; x_wconf 80' lang='lat'><strong>14).</strong></span> <span class='ocrx_word' id='word_1_293' title='bbox 1512 3798 1574 3809; x_wconf 89' lang='lat'><strong>·-</strong></span> <span class='ocrx_word' id='word_1_294' title='bbox 1620 3774 1781 3839; x_wconf 85' lang='lat' dir='ltr'><strong>Lapis</strong></span> <span class='ocrx_word' id='word_1_295' title='bbox 1815 3773 2009 3824; x_wconf 77' lang='lat' dir='ltr'><strong>Rornae</strong></span> <span class='ocrx_word' id='word_1_296' title='bbox 2044 3776 2288 3839; x_wconf 89' lang='lat' dir='ltr'><strong>repertus</strong></span> 
     </span>
     <span class='ocr_line' id='line_1_36' title="bbox 289 3858 2288 3928; baseline -0.002 -16"><span class='ocrx_word' id='word_1_297' title='bbox 289 3865 391 3912; x_wconf 87' lang='lat' dir='ltr'><strong>est.</strong></span> <span class='ocrx_word' id='word_1_298' title='bbox 459 3861 520 3911; x_wconf 88' lang='lat' dir='ltr'><strong>In</strong></span> <span class='ocrx_word' id='word_1_299' title='bbox 571 3862 748 3913; x_wconf 80' lang='lat' dir='ltr'><strong>eadem</strong></span> <span class='ocrx_word' id='word_1_300' title='bbox 793 3859 946 3927; x_wconf 84' lang='lat' dir='ltr'><strong>basi,</strong></span> <span class='ocrx_word' id='word_1_301' title='bbox 995 3873 1125 3928; x_wconf 85' lang='lat' dir='ltr'><strong>quae</strong></span> <span class='ocrx_word' id='word_1_302' title='bbox 1160 3859 1294 3909; x_wconf 87' lang='lat' dir='ltr'><strong>hanc</strong></span> <span class='ocrx_word' id='word_1_303' title='bbox 1326 3858 1718 3925; x_wconf 89' lang='lat' dir='ltr'><strong>inscriptionem</strong></span> <span class='ocrx_word' id='word_1_304' title='bbox 1753 3871 1880 3926; x_wconf 87' lang='lat' dir='ltr'><strong>prae</strong></span> <span class='ocrx_word' id='word_1_305' title='bbox 1918 3875 1976 3910; x_wconf 88' lang='lat' dir='ltr'><strong>se</strong></span> <span class='ocrx_word' id='word_1_306' title='bbox 2010 3859 2149 3924; x_wconf 84' lang='lat' dir='ltr'><strong>fert,</strong></span> <span class='ocrx_word' id='word_1_307' title='bbox 2185 3873 2288 3908; x_wconf 88' lang='lat' dir='ltr'><strong>una</strong></span> 
     </span>
     <span class='ocr_line' id='line_1_37' title="bbox 288 3944 2332 4026; baseline -0.003 -25"><span class='ocrx_word' id='word_1_308' title='bbox 288 3961 406 4001; x_wconf 88' lang='lat' dir='ltr'><strong>cum</strong></span> <span class='ocrx_word' id='word_1_309' title='bbox 441 3946 646 4000; x_wconf 79' lang='lat' dir='ltr'><strong>Octavii</strong></span> <span class='ocrx_word' id='word_1_310' title='bbox 680 3947 837 3999; x_wconf 85' lang='lat' dir='ltr'><strong>etiam</strong></span> <span class='ocrx_word' id='word_1_311' title='bbox 870 3946 999 3999; x_wconf 75' lang='lat' dir='ltr'><strong>Julii</strong></span> <span class='ocrx_word' id='word_1_312' title='bbox 1035 3944 1288 3998; x_wconf 81' lang='lat' dir='ltr'><strong>Caesaris</strong></span> <span class='ocrx_word' id='word_1_313' title='bbox 1325 3949 1505 3999; x_wconf 86' lang='lat' dir='ltr'><strong>statua</strong></span> <span class='ocrx_word' id='word_1_314' title='bbox 1539 3946 1800 3999; x_wconf 81' lang='lat' dir='ltr'><strong>collocata</strong></span> <span class='ocrx_word' id='word_1_315' title='bbox 1836 3951 1980 4011; x_wconf 84' lang='lat' dir='ltr'><strong>erat,</strong></span> <span class='ocrx_word' id='word_1_316' title='bbox 2034 3950 2090 3996; x_wconf 85' lang='lat' dir='ltr'><strong>ut</strong></span> <span class='ocrx_word' id='word_1_317' title='bbox 2120 3944 2283 4010; x_wconf 75' lang='lat' dir='ltr'><strong>patris</strong></span> <span class='ocrx_word' id='word_1_318' title='bbox 2325 4021 2332 4026; x_wconf 30' lang='grc'><strong><em>1</em></strong></span> 
     </span>
    </p>
   </div>
  </div>
 </body>
</html>
