2674 4449
1249 289 1333 355 57

288 494 420 539 rum
462 448 798 556 praefectus
845 478 905 532 et
946 471 1246 551 copiarum
1289 476 1444 535 terra
1482 473 1751 554 marique
1792 477 1968 539 etiam
2004 479 2292 542 maiorem

290 593 649 670 potestatem
680 583 980 664 appetivit.
1058 582 1232 656 Quod
1264 584 1404 646 dum
1434 586 1702 658 molitur,
1737 596 2017 668 septenae
2051 592 2125 653 de
2157 611 2291 673 sep-

287 702 609 766 temdecim
626 700 813 780 Belgii
833 698 1165 779 provinciis,
1200 717 1428 779 eaeque
1448 701 1696 763 maxime
1713 703 1927 783 inopes
1949 711 2010 766 et
2028 705 2294 769 infirmae
2373 762 2382 777 s

198 868 207 885 .
292 823 496 879 contra
536 816 836 895 ingentem
878 813 1185 894 Hispanici
1229 816 1397 894 regni
1427 817 1752 896 potentiam
1783 816 1974 880 adhuc
2005 818 2294 881 florentis-

292 930 507 989 simam
553 925 941 996 rebellantes,
1007 926 1235 986 etiamsi
1281 931 1442 986 certa
1470 926 1734 1006 pernicie
1767 930 2107 992 interiturae
2137 930 2295 992 vide-

291 1021 523 1111 rentur,
555 1046 750 1101 tamen
781 1044 1154 1119 postremum
1183 1037 1517 1100 libertatem
1555 1039 1745 1119 ipsius
1778 1042 2156 1122 potissimum
2185 1045 2297 1105 vir-

289 1162 416 1217 tute
449 1161 583 1217 sunt
613 1160 988 1217 consecutae.
1060 1154 1315 1217 Plurima
1345 1152 1641 1217 Guilelmo
1672 1158 1734 1218 in
1770 1157 1886 1219 hoc
1916 1130 2077 1220 bello
2110 1160 2295 1239 impe-

295 1267 552 1329 dimenta
608 1268 836 1328 interna
895 1270 1132 1327 externa
1164 1266 1527 1346 ,superanda
1585 1275 1780 1339 erant,
1857 1272 2050 1349 magni
2113 1268 2297 1332 duces

293 1378 640 1442 devincendi
683 1385 744 1440 et
782 1378 1080 1458 Hispanus
1121 1377 1340 1457 pedeS,
1405 1395 1522 1457 quo
1561 1377 1755 1440 nullus
1783 1379 1896 1441 hac
1928 1387 2117 1444 aetate
2147 1380 2295 1443 alius

208 1518 211 1521 ¹
287 1511 395 1573 per
437 1499 631 1554 totum
680 1491 889 1554 orbem
932 1498 1219 1554 terrarum
1256 1489 1667 1571 praestantior.
1761 1493 1950 1574 Belgii
2010 1492 2299 1556 foederati

288 1603 601 1675 liberator,
637 1621 817 1682 quum
846 1602 1087 1682 globulo
1118 1606 1399 1666 traiectus
1432 1603 1801 1675 concideret,
1854 1607 1974 1668 iam
2003 1606 2297 1669 moribun-

290 1716 417 1795 dus
441 1716 593 1777 hanc
633 1714 1021 1778 novissimam
1059 1732 1274 1777 vocem
1314 1713 1530 1776 edidit:
1586 1716 1784 1788 DeuS,
1828 1717 2048 1798 inquit,
2097 1717 2298 1780 afflicti

206 1891 216 1900 ,
289 1831 494 1911 populi
522 1831 610 1893 tui
642 1832 1019 1893 miserescas.

905 2165 1557 2234 Maxhnfflanus
1609 2166 1683 2231 1.

966 2282 1298 2362 Bavariae
1343 2287 1622 2345 Elector.

470 2419 920 2490 MaximilianuS,
956 2420 1231 2482 Guilelmi
1254 2419 1323 2484 V.
1361 2419 1535 2490 filius,
1572 2434 1718 2497 opes
1750 2417 2016 2497 publicas
2049 2417 2298 2489 attrita5‚

297 2532 674 2593 conturbatas
725 2532 888 2595 brevi
951 2534 1238 2613 temporis
1292 2535 1486 2614 spatio
1544 2531 1829 2601 restituit,
1910 2529 2130 2610 populo
2178 2549 2297 2591 non
2347 2579 2350 2582 «

295 2651 517 2706 vexato.
612 2644 824 2707 Omnia
871 2663 1020 2727 quae
1065 2647 1138 2708 ad
1177 2647 1402 2727 patriae
1439 2644 1751 2707 utilitatem
1793 2645 2156 2723 pertinerent
2197 2662 2302 2705 sua

291 2760 480 2840 ipsius
521 2778 703 2840 opera
730 2766 1021 2842 perpetuo
1056 2761 1296 2823 curavit.
1367 2759 1575 2839 Neque
1607 2757 1681 2820 ad
1714 2774 1893 2820 omne
1931 2773 2117 2846 genus
2147 2764 2300 2818 artes

292 2874 580 2937 fovendas
611 2875 769 2938 ullus
789 2879 849 2937 in
872 2875 1184 2937 Germania
1205 2875 1486 2963 princeps
1517 2893 1627 2954 pro
1658 2892 1840 2954 opum
1858 2891 2095 2935 suarum
2123 2872 2301 2934 modo
2351 2921 2354 2926 .

293 2990 554 3051 maiores
585 2990 720 3067 ipso
755 2995 983 3051 sumtus
1016 2988 1175 3050 fecit.
1271 2988 1403 3062 Quo
1442 2986 1748 3050 felicitatis
1776 2987 2017 3050 Bavaria
2047 2988 2153 3049 sub
2186 2987 2301 3049 hoc

293 3100 567 3181 principe
594 3106 942 3178 perventura
971 3100 1147 3161 fuerit
1167 3145 1181 3169 ‚
1233 3100 1349 3161 nisi
1380 3099 1600 3162 bellum
1629 3100 1981 3170 tricennale,
2029 3098 2128 3159 illa
2157 3098 2300 3160 Ger-

297 3215 774 3304 maniaexpestiffi
803 3215 1153 3295 ingruisset,
1186 3213 1323 3276 inde
1358 3215 1554 3294 colligi
1583 3220 1807 3295 potest,
1842 3212 2002 3294 quod
2034 3215 2143 3274 tria
2174 3231 2303 3274 sae-

298 3330 429 3393 cula
460 3348 581 3391 non
612 3328 1001 3401 suffecerunt,
1061 3336 1124 3391 ut
1158 3331 1402 3393 Bavaria
1444 3348 1622 3409 quem
1659 3334 1879 3390 statum
1904 3326 2302 3390 Maximiliano

295 3446 624 3524 tmperante
654 3448 954 3513 tenuerat,
1019 3442 1277 3504 eundem
1304 3440 1501 3505 denuo
1535 3448 1931 3522 recuperaret.
2023 3440 2201 3501 Erant
2244 3439 2303 3500 in

301 3556 617 3618 Germania
647 3571 717 3615 ea
750 3561 941 3615 aetate
978 3552 1073 3616 vel
1105 3553 1392 3618 Catholici
1425 3553 1519 3615 vel
1548 3553 1977 3624 Protestantes,
2025 3551 2303 3614 Germani

299 3669 458 3731 nulli.
553 3667 784 3742 Quodsi
829 3666 1260 3730 Maximilianus
1306 3672 1576 3729 neutram
1606 3637 1860 3748 partem,
1913 3666 2130 3728 nedum
2162 3666 2303 3728 Pro-

301 3786 651 3858 iestantium,
682 3790 922 3848 secutus
945 3791 1126 3856 esset,
1158 3784 1526 3847 Austriacam
1555 3785 1797 3847 domum
1817 3790 1979 3845 certa
2007 3783 2301 3863 pernicies

297 3900 591 3964 manebat.
651 3899 772 3961 Sed
803 3900 860 3959 in
894 3896 1288 3960 Archiducatu
1318 3888 1588 3959 Austriae
1622 3897 1976 3959 seditionem
2010 3897 2300 3965 coercuit;

301 4013 411 4076 sed
449 4010 827 4086 Remmiam,
890 4030 1039 4094 quae
1069 4010 1434 4096 Fridericum
1465 4011 1531 4076 V.
1578 4009 1902 4073 Palatinum
1938 4026 2142 4086 regem
2185 4006 2301 4067 ele-
