2674 4449
1235 321 1316 386 61

278 499 478 584 (quam
525 500 809 566 ditionem
836 501 1091 563 amissae
1122 499 1535 582 Lotharingiae
1562 505 1816 582 pretium
1847 510 2055 568 nactus
2100 507 2271 588 erat),

278 618 590 680 carissimo
624 614 858 695 coniugi
899 615 1339 694 imperatoriam
1372 631 1652 678 coronam
1694 616 2041 680 conciliavit.
2132 619 2271 683 Mox

274 726 672 796 Boruss'oru‘m
700 732 1038 811 potentiam,
1076 737 1142 791 ut
1171 729 1391 792 illatam
1423 729 1538 792 sibi
1570 730 1836 793 iniuriam
1865 732 2269 806 ulcisceretur,
2321 760 2332 781 ·

279 863 590 916 eversura,
663 843 892 906 Gallum
935 849 995 904 et
1037 841 1434 905 Moscovitam
1478 843 1748 905 eiusdem
1791 845 2023 907 consilii
2070 847 2271 907 socios

277 965 448 1021 nacta
495 964 604 1021 est.
698 957 817 1018 Sed
845 956 1243 1019 Borussorum
1271 974 1375 1018 rex
1415 963 1650 1036 septem
1680 976 1965 1020 annorum
1995 956 2153 1020 bello
2184 959 2273 1021 in-

275 1076 467 1136 victus
500 1090 640 1136 suos
672 1072 901 1151 imperii
951 1071 1102 1132 fines
1144 1071 1349 1134 tenuit.
1439 1070 1583 1133 lude
1629 1071 1916 1135 Theresia
1952 1073 2271 1152 impetante

277 1185 525 1249 Gallicia
563 1193 621 1249 et
661 1186 977 1249 Bucowina
1019 1183 1180 1247 null'o
1225 1185 1526 1266 sanguinis
1573 1185 1918 1265 dispendio,
1977 1195 2152 1268 atque
2203 1207 2274 1251 ea

274 1301 513 1380 regione
545 1299 637 1362 cui
666 1317 885 1361 nomen
919 1297 990 1358 ab
1023 1296 1194 1358 Oeno
1222 1294 1465 1358 flumine
1494 1297 1773 1371 inditum,
1805 1299 1920 1361 levi
1952 1302 2271 1362 certamine

273 1413 483 1493 partis,
540 1410 780 1481 ‚Austria
818 1411 1027 1502 'firmae
1063 1411 1227 1489 pacis
1271 1406 1547 1469 felicitate
1575 1407 1891 1471 fruebatur.
1985 1409 2276 1474 Iuventuti

274 1522 664 1602 erudiendae,
702 1522 961 1594 artibus,
1002 1519 1361 1601 disciplinis,
1395 1521 1681 1599 opificiis,
1721 1516 2107 1603 agriculturae
2135 1542 2273 1604 pro-

272 1638 583 1702 movendis
626 1637 872 1701 multum
921 1653 1139 1717 operae
1183 1634 1502 1717 impendit;
1563 1637 1708 1700 iuris
1749 1638 1987 1702 dicundi
2025 1646 2081 1703 et
2123 1640 2272 1702 iudi-

274 1759 501 1820 ciorum
530 1756 823 1819 rationem
854 1753 1220 1828 emendavit3
1282 1755 1609 1817 exercitum
1641 1761 1700 1818 et
1728 1775 1974 1819 numero
2012 1764 2071 1819 et
2098 1756 2274 1821 disci-

273 1874 430 1952 plina
465 1872 679 1934 mirum
707 1873 768 1932 in
799 1867 1043 1933 modum
1074 1871 1252 1941 auxit3
1298 1887 1445 1949 opes
1475 1869 1740 1950 publicas
1779 1872 2077 1935 stabilivit.
2138 1870 2273 1936 Pari

275 2005 480 2051 omnes
512 1986 675 2069 cives
707 2003 850 2047 cura
877 1985 1046 2048 fovit:
1094 2001 1303 2062 magna
1345 1990 1679 2064 temporum
1713 1983 1982 2048 felicitas.
2064 1985 2273 2067 Populi

272 2103 363 2164 sui
394 2100 798 2165 amantissima
826 2107 886 2163 et
919 2098 994 2160 de
1026 2097 1148 2160 mio
1182 2116 1538 2161 successore
1566 2098 1935 2183 improspera
1966 2117 2270 2179 auguranS,

268 2214 540 2288 Utinam,
620 2214 834 2295 inquit,
910 2200 1101 2276 fllium
1152 2230 1419 2274 amorem
1479 2212 1692 2275 civium
1749 2212 1966 2277 docere
2019 2215 2267 2295 possim.

269 2330 544 2410 Proprias
593 2328 685 2389 sui
734 2344 910 2389 sexus
953 2327 1202 2388 virtutes
1249 2344 1385 2387 cum
1429 2326 1809 2404 imperatorio
1849 2326 2088 2405 ingenio
2131 2346 2270 2388 con·

266 2441 484 2512 iunxit;
523 2446 696 2518 atque
726 2419 877 2500 intra
907 2437 1230 2500 latissimos
1261 2436 1496 2516 imperii
1530 2438 1622 2499 sui
1651 2438 1828 2507 fines,
1860 2440 1960 2519 qui
1997 2444 2270 2500 constan-

269 2554 352 2614 tia
383 2568 515 2614 eam
543 2552 974 2631 aequipararet,
1005 2551 1193 2613 virum
1223 2546 1382 2610 haud
1412 2547 1585 2612 facile
1613 2550 1929 2613 inveneris.
2006 2549 2298 2630 Coniuge?

273 2672 506 2729 mortuo
535 2667 731 2729 omnia
762 2665 876 2728 sibi
906 2668 1056 2730 vitae
1090 2664 1472 2728 delinimenta
1503 2664 1730 2727 sublata
1748 2668 1951 2728 sensit.
2007 2663 2100 2730 Ad
2117 2668 2270 2730 vitae

270 2782 488 2844 exitum
537 2781 727 2863 usque
771 2784 1036 2861 quamvis
1083 2779 1205 2842 acri
1253 2778 1466 2841 morbo
1513 2781 1768 2842 cruciata
1816 2781 1887 2842 ab
1940 2779 2268 2859 imperandi

271 2895 482 2958 officiis
515 2894 807 2958 obeundis
838 2914 957 2957 non
991 2894 1276 2972 cessavit,
1316 2909 1510 2971 neque
1540 2910 1573 2953 a
1602 2892 1841 2955 miseris
1876 2892 2101 2956 civibus
2131 2896 2267 2957 sub-

271 3008 556 3082 levandis,
592 3029 741 3092 quos
772 3016 1020 3091 quantae
1055 3028 1229 3073 curae
1260 3008 1548 3082 habuerit,
1582 3010 1795 3091 insigni
1815 3010 1975 3074 dicto
1998 3030 2268 3092 compro-

268 3122 458 3187 bavit:
489 3141 625 3186 nam
656 3124 848 3195 Sicui,
881 3124 1098 3204 inquit,
1129 3113 1385 3185 mortem
1417 3122 1677 3203 effugere
1709 3124 1930 3195 liceret,
1964 3126 2080 3187 hoc
2111 3125 2268 3187 nulla

217 3315 223 3321 ⁶
269 3235 383 3299 alia
423 3254 599 3299 causa
645 3254 821 3316 quam
859 3235 932 3298 ad
969 3233 1228 3297 miseros
1261 3234 1423 3298 cives
1465 3253 1636 3298 meos
1684 3235 2081 3299 sublevandos
2122 3236 2267 3299 mihi

267 3360 554 3435 optarem.
655 3350 799 3413 Post
848 3366 1087 3415 omnem
1134 3347 1372 3428 generis
1422 3348 1662 3411 humani
1717 3352 2065 3413 memoriam
2112 3349 2267 3414 haud

264 3467 439 3532 facile
470 3464 587 3528 ulla
617 3468 847 3544 praeter
890 3460 1083 3541 ipsam
1127 3459 1301 3523 ullius
1331 3462 1570 3541 imperii
1598 3448 1926 3525 invenietur
1954 3464 2262 3543 regnatrix,

268 3584 414 3661 quae
457 3559 676 3644 tantam
716 3582 774 3638 et
818 3576 996 3638 animi
1038 3582 1095 3638 et
1131 3574 1406 3638 fortunae
1443 3575 1907 3656 magnitudinem
1949 3593 2081 3638 cum
2107 3583 2264 3640 tanta

267 3710 497 3755 morum
526 3691 832 3755 sanctitate
865 3689 1239 3751 coniunctam
1270 3688 1557 3750 habuerit.
