2674 4449
1300 285 1385 369 ³³

328 454 524 521 (LIV.)
579 454 635 508 in
681 454 859 507 Gallia
910 460 1206 508 moraretur
1249 455 1534 523 pluresque
1577 453 1752 524 ibique
1803 456 2043 523 colonias
2091 462 2357 516 conderet.

324 534 513 617 Neque
544 556 671 593 vero
702 543 833 594 haec
858 557 952 597 ,res
989 543 1153 594 certis
1184 540 1510 606 argumentis
1544 540 1613 592 ad
1648 540 1898 608 liquidum
1928 545 2143 609 perduoi
2157 554 2358 614 potest.

326 632 329 637 '
464 628 549 702 ᾼᾱ
613 629 1012 693 comparandum
1079 628 1408 696 antiquorum
1456 626 1752 693 elogiorum
1799 627 2192 694 simplicitatem
2241 650 2357 687 oum

327 711 654 764 verbositate
698 713 1081 778 recentiorum,
1132 730 1235 766 non
1281 714 1511 766 alienum
1559 712 1679 764 duxi
1725 712 1863 765 infra
1910 715 2136 771 Munatii
2173 717 2357 775 Planci

326 797 556 862 elogium
605 799 796 851 addere
845 815 876 850 a
909 799 1071 851 Beato
1108 799 1358 852 Rhenano
1397 797 1748 863 conscriptum
1785 786 1950 862 (anno
1989 799 2186 866 1528),
2223 805 2359 871 quod

317 881 476 941 ,basis
513 887 723 935 statuae
757 884 945 936 Planci
980 885 1034 936 in
1070 886 1216 938 curia
1248 883 1550 937 Basileensi
1582 882 1789 949 positae
1822 882 2138 959 insculptum
2171 889 2357 942 habet·

325 969 422 1034 „L
469 969 704 1020 Munatio
756 970 987 1035 Planco,
1040 970 1144 1023 civi
1190 984 1445 1043 romano,
1492 967 1610 1021 viro
1667 968 1943 1021 consulari
1980 977 2033 1023 et
2065 976 2355 1055 praetorio,
2401 965 2415 981 ²

316 1050 625 1125 oratorique
676 1069 739 1106 ao
789 1057 860 1106 Μ.
904 1056 1181 1107 Ciceronis
1219 1037 1511 1136 discipulo,
1562 1054 1647 1121 qui
1682 1060 1804 1121 post
1838 1055 2077 1131 devictos
2113 1052 2354 1117 Rhaetos

322 1141 451 1190 aede
506 1140 726 1192 Saturni
777 1141 842 1192 de
890 1140 1150 1193 manubiis
1197 1130 1469 1215 erstructa
1502 1155 1603 1195 non
1639 1141 1790 1192 modo
1805 1141 2134 1208 Lugdunum
2170 1148 2267 1198 sed
2304 1153 2357 1200 et

215 1221 219 1226 ’
321 1224 605 1279 Rauricam
654 1227 914 1278 coloniam
969 1226 1218 1292 deduxit,
1255 1241 1389 1293 quae
1423 1226 1673 1291 Augusta
1706 1226 1809 1278 fuit
1842 1220 2110 1294 appellata
2145 1233 2208 1284 ab
2247 1234 2353 1286 Oo-

318 1311 464 1369 tavio
518 1312 763 1377 Augusto
816 1316 924 1363 tum
970 1327 1145 1362 rerum
1180 1292 1410 1376 potiente
1447 1311 1505 1362 S.
1539 1309 1599 1359 P.
1638 1311 1695 1370 Q.
1733 1311 2101 1380 BaS1ieens1s3
2135 1305 2353 1372 tametsi

320 1396 696 1448 Alemanorum
720 1397 1015 1449 transducti
1043 1396 1215 1447 coloni
1241 1395 1480 1446 subactis
1511 1410 1574 1446 ao
1598 1394 1841 1459 depulsis
1863 1395 2137 1465 RaurioiS‚
2174 1417 2355 1457 amore

320 1487 496 1540 ,tamen
541 1483 759 1535 virtutis
808 1499 969 1553 quae
992 1482 1152 1533 etiam
1199 1481 1250 1532 in
1286 1482 1443 1553 hoste
1481 1479 1876 1533 venerationem
1911 1490 2160 1551 meretur,
2194 1494 2352 1542 vetu-

323 1568 566 1620 stissimo
603 1572 806 1621 tractus
850 1563 1009 1619 h'uius
1046 1567 1370 1619 illustratori
1409 1565 1559 1632 culpa
1592 1573 1879 1649 temporum
1913 1584 2139 1634 prorsus
2177 1572 2350 1626 aboli-

320 1659 424 1706 tam
461 1655 766 1707 memoriam
803 1654 1122 1720 postliminio
1160 1657 1498 1705 renovarunt.
1546 1653 1698 1705 Anno
1724 1654 1793 1704 Μ.
1798 1646 2104 1709 D.Xxvl11.
2110 1653 2142 1684 ‘⁶

1028 1955 1224 2019 m.
1257 1958 1632 2021 Aeneas-

442 2088 717 2146 Lacerum
752 2089 853 2141 hoo
887 2076 1240 2167 fragmentum
1270 2087 1325 2139 in
1360 2102 1543 2138 museo
1583 2087 1734 2152 regio
1757 2085 2120 2153 'Neapolitano
2151 2068 2346 2145 ¹asser--

316 2180 498 2229 vatum
541 2175 826 2227 Avellinus
869 2175 1034 2226 edidit
1068 2173 1120 2224 in
1157 2173 1405 2226 Bulletin.
1460 2172 1674 2240 napolit-
1710 2189 1761 2223 n.
1794 2171 2085 2245 XLn¹845
2122 2182 2176 2228 et
2210 2193 2345 2245 quae

317 2260 768 2277 .....

313 2354 557 2407 Bulletin.
596 2352 901 2415 aroheolog.
934 2349 1150 2400 Roman.
1188 2349 1342 2398 1845.
1375 2360 1500 2411 pag.
1536 2345 1621 2394 23.
1659 2325 1664 2329 ’
1711 2324 1716 2330 ’

489 2545 729 2609 Aeneas
759 2544 932 2621 filius
955 2541 1209 2605 Veneris
1243 2508 1306 2603 et
1334 2537 1636 2601 Anchisae
1668 2542 2017 2599 Dardanos
2044 2540 2147 2617 qui
2172 2545 2343 2620 capta

313 2661 493 2723 Troia
529 2658 949 2740 superfuerunt
985 2659 1046 2718 in
1088 2653 1319 2718 Italiam
1359 2654 1635 2715 adduxit
1664 2695 1834 2711 .....
1889 2651 2122 2716 Deinde
2152 2674 2341 2733 quum

312 2775 518 2838 subito
559 2790 679 2833 non
717 2773 1151 2861 comparuisset
1192 2765 1398 2831 dictus
1444 2771 1540 2827 est
1570 2763 1850 2844 Indigens
1882 2775 1944 2828 el
1973 2768 2044 2830 in
2075 2772 2341 2832 deorum

308 2906 560 2951 numero
593 2886 831 2950 relatus,

310 3025 444 3036 --

444 3083 589 3138 Pone
625 3085 841 3137 verbum
876 3057 1109 3136 adduxit
1144 3083 1339 3134 lacuna
1374 3086 1461 3133 est
1497 3096 1594 3134 sex
1629 3084 1830 3147 septem
1864 3095 2115 3134 versuum
2130 3068 2149 3143 ‚⁸
2202 3096 2334 3148 quae

305 3170 517 3224 nonnisi
551 3170 756 3223 incerta
790 3184 1071 3235 paucarum
1106 3168 1382 3220 literarum
1414 3165 1651 3234 vestigia
1685 3166 1934 3221 continet:

939 3422 1182 3487 xm.
1237 3420 1691 3486 Camillus-

441 3560 817 3623 Fragmentum
832 3557 1040 3623 ·lapidis
1073 3555 1378 3609 Florentiae
1412 3559 1535 3606 est·
1518 3590 1536 3621 ,
1572 3551 1721 3605 Gorii
1755 3557 1899 3605 certe
1922 3551 2127 3622 quidem
2152 3559 2330 3608 aetate

300 3647 371 3698 ibi
418 3650 536 3697 erat
583 3644 878 3709 (inscriptt.
914 3644 1128 3695 Etrusc.
1165 3657 1288 3708 pag.
1326 3643 1466 3707 41⁷3
1520 3640 1793 3693 Goriusl.
1830 3640 1869 3696 l.
1903 3640 2211 3694 Moroellius
2247 3643 2328 3694 De

300 3732 428 3782 stilo
465 3731 706 3797 inscript.
740 3745 864 3797 pag.
902 3730 1023 3780 366.
1059 3728 1158 3779 Ed.
1194 3729 1246 3778 1.
1287 3728 1502 3832 Orellus
1538 3725 1603 3780 Ν.
1642 3728 1766 3779 536.

402 4002 562 4060 Zell,
589 4002 717 4059 mog.
747 4014 863 4051 rom.
891 4001 977 4049 rel.
1381 4054 1386 4058 ,
1585 3969 1592 3974 .
1797 4033 1805 4044 .
1962 3987 2003 4049 3
