2674 4449
1330 291 1420 361 36

384 461 564 534 Neque
597 466 772 516 tomen
806 462 860 515 in
894 460 1046 516 Fabii
1081 461 1232 530 quium
1266 465 1443 531 potius
1478 465 1681 535 Papirii
1721 466 1970 523 cursoris
2008 460 2257 525 honorem
2294 474 2413 527 elo-

384 550 530 615 gium
567 550 917 615 conscriptum
952 555 1056 602 est.
1104 550 1365 605 Exhibeat
1395 551 1688 608 Morcellus
1725 571 1923 624 quoque
1958 558 2079 610 Stil.
2115 558 2269 624 lapid.
2288 576 2410 625 pag.

383 637 506 688 3⁶4.
543 635 642 688 Ed.
678 636 720 687 1.
756 641 809 686 et
832 635 1063 688 Orellius
1101 636 1322 689 Collect.
1357 636 1420 691 N.
1433 640 1555 692 540.
1590 639 1677 708 qui
1713 640 1917 709 quidem
1946 643 2127 695 laudat
2149 643 2413 710 Borghesi

382 721 552 773 Nuovi
587 722 743 773 Fasti
777 722 912 788 Καρ.
954 723 1005 772 2.
1042 738 1089 788 p.
1128 724 1212 772 12.

565 950 777 966 .....
837 904 998 966 bello
1033 904 1393 967 Samnitium
1424 925 1560 973 cum
1592 908 1826 988 auspici
1875 909 2195 991 repetendi
2226 930 2411 976 causa

384 1016 637 1076 Romam
687 1013 982 1085 redlsset‚
1033 1022 1213 1090 atque
1243 994 1480 1077 interim
1513 1017 1585 1088 Q.
1615 1019 1837 1080 Fabius
1866 1019 2409 1085 Ambustus-Maxi—

383 1145 535 1197 muS,
569 1126 853 1203 magister
886 1121 1170 1201 equitum,
1202 1123 1437 1186 iniussu
1468 1124 1596 1187 eius
1628 1106 1859 1205 proelio
1892 1130 2292 1195 conflississet
2306 1175 2407 1195 .....

519 1320 598 1370 De
650 1317 858 1384 Papirio
913 1317 1142 1370 Cursore
1176 1316 1484 1385 Dictatore,
1525 1320 1676 1373 cuius
1716 1320 2057 1373 severitatem
2092 1323 2152 1382 Q.
2188 1321 2408 1389 Fabius,

382 1406 642 1471 magister
678 1403 941 1472 equitum,
994 1402 1235 1469 quamvis
1270 1402 1428 1455 felice
1467 1419 1727 1457 successu
1765 1412 1949 1457 contra.
1982 1407 2098 1459 eius
2134 1406 2408 1472 imperium

383 1490 711 1545 committens
744 1488 833 1539 vix
870 1487 1092 1552 effugit,
1143 1488 1375 1551 insignis
1410 1489 1644 1541 narratio
1682 1494 1766 1542 est
1798 1490 1941 1542 Livii
1974 1491 2118 1554 VIII,
2154 1492 2226 1543 30
2257 1508 2402 1560 seqq.

379 1576 465 1628 Ad
518 1574 681 1639 elogii
730 1573 1042 1625 brevitatem
1089 1573 1297 1624 accedit
1331 1575 1539 1625 Aurelii
1574 1575 1810 1627 Victoris
1843 1576 1922 1627 Dc
1958 1576 2058 1627 vir.
2092 1577 2257 1630 illust.
2292 1594 2407 1644 cop,

381 1662 472 1726 31,
510 1659 645 1728 quod
679 1655 885 1722 Papirii
920 1670 1010 1706 res
1047 1663 1232 1721 gestos
1271 1657 1649 1723 complectitur.
1682 1689 1745 1698 —
1769 1663 1835 1724 Q.
1869 1661 2073 1714 Fabius
2111 1661 2408 1719 Ambustus

383 1745 646 1796 Maximus
701 1742 838 1792 idem
890 1740 976 1807 qui
1031 1746 1086 1791 et
1139 1742 1199 1802 Q.
1253 1742 1450 1796 Fabius
1500 1743 1783 1797 Rullianus
1833 1746 2093 1799 Maximus
2130 1746 2322 1798 dicitur
2355 1750 2410 1804 et

378 1831 581 1897 primus
618 1827 833 1879 Maximi
870 1841 1157 1891 cognomen
1192 1827 1427 1879 familiae
1466 1843 1593 1881 suae
1631 1830 1821 1885 intulit.
1895 1832 1958 1883 V.
1995 1833 2175 1884 Aurel.
2208 1833 2406 1888 Victor.
2483 1908 2492 1909 ἶ

384 1930 499 1980 cap.
534 1915 623 1966 32.
659 1912 834 1978 ibique
868 1912 1169 1976 Interprett.

797 2191 1026 2264 xvl.
1056 2190 1151 2255 L.
1188 2195 1616 2262 Aemilius
1644 2197 2000 2264 Paulus.

513 2330 886 2394 Fragmentum
924 2327 1084 2392 elogii
1116 2329 1316 2393 primus
1352 2319 1516 2385 edidit
1549 2308 1679 2386 Gor-i
1707 2334 1977 2401 'InscrIptt
2012 2336 2228 2391 Etrusc.
2251 2307 2402 2408 '1211ss

267 2413 275 2418 ’
378 2436 430 2484 p,
466 2418 610 2481 244„
648 2414 714 2490 de
745 2412 922 2479 lapide
958 2412 1095 2464 haec
1130 2414 1360 2467 addens:
1396 2418 1714 2483 „Marmoris
1750 2422 2126 2487 fragmentum,
2164 2428 2297 2494 quod
2331 2428 2403 2479 ad

374 2503 513 2553 hano
563 2499 698 2551 diem
752 2498 952 2551 visitur
997 2505 1264 2552 caemento
1301 2500 1563 2554 inclusum
1596 2503 1652 2554 in
1687 2510 1969 2570 parastata.
2000 2510 2144 2575 xysti
2178 2509 2401 2565 maioris

374 2588 583 2653 plateae
635 2583 835 2635 Arretii
857 2601 875 2649 3
935 2585 1098 2637 altum
1146 2585 1262 2650 ped.
1304 2600 1501 2639 roman.
1536 2589 1587 2638 1.
1624 2604 1742 2643 unc.
1777 2592 1874 2655 11,
1925 2593 2089 2647 latum
2124 2612 2242 2649 unc.
2281 2594 2400 2662 13.“

374 2671 437 2722 In
476 2664 853 2722 Collectionem
887 2670 1091 2737 recepit
1126 2663 1363 2722 Orellius
1399 2671 1465 2723 N.
1501 2674 1622 2725 542.
1675 2675 1805 2728 Cum
1838 2677 1937 2731 hoc
1972 2682 2145 2746 elogio
2183 2683 2250 2736 cf.
2285 2685 2405 2735 Au-

376 2755 544 2807 relius
581 2755 783 2808 Victor.
818 2754 896 2805 De
933 2754 1034 2806 vir.
1071 2754 1270 2808 illustr.
1306 2771 1420 2821 cap.
1456 2758 1591 2811 LVI.

552 2934 620 2996 L.
653 2933 943 2996 Aemilius
988 2934 1051 2996 L.
1085 2937 1151 2998 F.
1186 2913 1428 3001 Paullus
1461 2940 1596 3003 Cos.
1632 2939 1705 3003 11.
1758 2945 1935 3007 Cens.
1974 2946 2253 3011 interrex.
2298 2950 2395 3012 Pr.

371 3046 523 3110 Aed.
567 3066 688 3110 cur.
738 3046 809 3120 Q.
859 3045 956 3109 Tr.
1004 3047 1128 3140 mil.
1178 3050 1358 3111 tertio
1390 3052 1539 3133 Aug.
1572 3054 1888 3134 Liguribus
1922 3058 2165 3124 domitis
2196 3066 2401 3143 priore

373 3158 687 3221 consulatu
713 3160 1114 3238 triumphavit.
1210 3160 1435 3226 Iterum
1478 3166 1614 3228 Cos.
1659 3175 1726 3231 ut
1766 3188 1904 3233 cum
1935 3190 2150 3253 rege..
2178 3220 2226 3237 ..
2249 3221 2263 3236 .
2327 3194 2401 3238 se

372 3273 598 3360 bellum
628 3280 868 3354 gereret
898 3293 970 3356 ap
1005 3323 1018 3338 .
1052 3322 1066 3335 .
1108 3322 1121 3337 .
1158 3322 1172 3337 .
1209 3286 1342 3344 ctus
1376 3288 1469 3345 cst
1497 3284 1700 3362 copias
1731 3304 1838 3366 reg
1870 3333 1885 3349 .
1921 3334 1937 3349 .
1972 3335 1987 3350 .
2022 3334 2038 3351 .
2072 3309 2145 3352 us
2178 3290 2397 3370 quihus

375 3430 575 3449 .....
578 3383 1150 3450 ac...dei....
1213 3397 1769 3460 ....scei....

366 3515 2392 3550 Ἣ

508 3578 634 3631 Coe.
669 3580 746 3632 ΙΙ.
783 3582 980 3636 Consul
1013 3585 1114 3636 fuit
1145 3588 1249 3638 569
1295 3603 1343 3639 u.
1383 3605 1430 3640 o.
1468 3590 1707 3661 idemque
1742 3596 1847 3645 586
1882 3613 1934 3662 u,
1972 3612 2016 3648 c.
2056 3626 2117 3635 -
2159 3598 2390 3653 Censor.

368 3663 546 3716 Valer.
581 3665 718 3718 Max.
752 3668 872 3733 VII,
906 3674 957 3733 5,
993 3671 1045 3721 3.
1081 3671 1282 3735 „Quum
1317 3673 1424 3724 iam
1460 3690 1693 3741 campum
1726 3681 1962 3747 repulsis
1998 3682 2115 3735 suis
2150 3685 2392 3751 fatigas·
2449 3689 2454 3692 Α

369 3755 486 3815 set,
509 3750 607 3825 ‚bis
646 3753 830 3805 consul
868 3761 920 3806 et
955 3770 1148 3809 censor
1183 3758 1397 3823 factae,
1434 3762 1817 3827 amplissimum
1854 3765 2129 3831 dignitatis
2165 3772 2393 3836 gradum

369 3832 646 3890 obtinuit.“
685 3865 744 3881 -
783 3841 1044 3895 Interreoe
1097 3842 1295 3908 quando
1347 3843 1511 3897 fuerit
1562 3852 1654 3900 aut
1705 3851 1911 3904 omnino
1962 3853 2137 3908 fuisse
2174 3860 2391 3922 praeter
