<?xml version="1.0" encoding="UTF-8"?>
<!DOCTYPE html PUBLIC "-//W3C//DTD XHTML 1.0 Transitional//EN"
    "http://www.w3.org/TR/xhtml1/DTD/xhtml1-transitional.dtd">
<html xmlns="http://www.w3.org/1999/xhtml" xml:lang="en" lang="en">
 <head>
  <title>
</title>
<meta http-equiv="Content-Type" content="text/html;charset=utf-8" />
  <meta name='ocr-system' content='tesseract 3.04.00' />
  <meta name='ocr-capabilities' content='ocr_page ocr_carea ocr_par ocr_line ocrx_word'/>
</head>
<body>
  <div class='ocr_page' id='page_1' title='image "./elogiorumromano00bavagoog_0015.png"; bbox 0 0 2674 4449; ppageno 0'>
   <div class='ocr_carea' id='block_1_1' title="bbox 1220 290 1407 358">
    <p class='ocr_par' dir='ltr' id='par_1_1' title="bbox 1220 290 1407 358">
     <span class='ocr_line' id='line_1_1' title="bbox 1220 290 1407 358; baseline -0.011 0"><span class='ocrx_word' id='word_1_1' title='bbox 1220 290 1407 358; x_wconf 73' lang='lat'><strong>&#39;11</strong></span> 
     </span>
    </p>
   </div>
   <div class='ocr_carea' id='block_1_2' title="bbox 357 467 2434 1047">
    <p class='ocr_par' dir='ltr' id='par_1_2' title="bbox 359 467 2385 787">
     <span class='ocr_line' id='line_1_2' title="bbox 362 467 2380 535; baseline 0 -14"><span class='ocrx_word' id='word_1_2' title='bbox 362 468 916 521; x_wconf 70' lang='lat' dir='ltr'><strong>novor&#39;umconsulum</strong></span> <span class='ocrx_word' id='word_1_3' title='bbox 955 467 1107 532; x_wconf 80' lang='lat' dir='ltr'><strong>[puta</strong></span> <span class='ocrx_word' id='word_1_4' title='bbox 1144 470 1200 519; x_wconf 84' lang='lat' dir='ltr'><strong>L.</strong></span> <span class='ocrx_word' id='word_1_5' title='bbox 1218 470 1503 534; x_wconf 87' lang='lat' dir='ltr'><strong>Volumnii,</strong></span> <span class='ocrx_word' id='word_1_6' title='bbox 1539 471 1694 535; x_wconf 79' lang='lat' dir='ltr'><strong>Appii</strong></span> <span class='ocrx_word' id='word_1_7' title='bbox 1725 471 1964 533; x_wconf 82' lang='lat' dir='ltr'><strong>Claudii)</strong></span> <span class='ocrx_word' id='word_1_8' title='bbox 2006 472 2139 521; x_wconf 77' lang='lat' dir='ltr'><strong>hane</strong></span> <span class='ocrx_word' id='word_1_9' title='bbox 2160 473 2380 535; x_wconf 77' lang='lat' dir='ltr'><strong>glorium</strong></span> 
     </span>
     <span class='ocr_line' id='line_1_3' title="bbox 359 553 2385 623; baseline 0.001 -20"><span class='ocrx_word' id='word_1_10' title='bbox 359 554 576 623; x_wconf 75' lang='lat' dir='ltr'><strong>faciant.</strong></span> <span class='ocrx_word' id='word_1_11' title='bbox 653 555 760 603; x_wconf 86' lang='lat' dir='ltr'><strong>Sed</strong></span> <span class='ocrx_word' id='word_1_12' title='bbox 799 559 852 603; x_wconf 85' lang='lat' dir='ltr'><strong>et</strong></span> <span class='ocrx_word' id='word_1_13' title='bbox 886 569 1019 603; x_wconf 83' lang='lat' dir='ltr'><strong>anno</strong></span> <span class='ocrx_word' id='word_1_14' title='bbox 1056 553 1289 619; x_wconf 85' lang='lat' dir='ltr'><strong>proximo</strong></span> <span class='ocrx_word' id='word_1_15' title='bbox 1327 553 1409 616; x_wconf 87' lang='lat' dir='ltr'><strong>(u.</strong></span> <span class='ocrx_word' id='word_1_16' title='bbox 1446 570 1491 605; x_wconf 84' lang='lat' dir='ltr'><strong>e.</strong></span> <span class='ocrx_word' id='word_1_17' title='bbox 1526 554 1658 618; x_wconf 73' lang='lat'><strong>45⁷)</strong></span> <span class='ocrx_word' id='word_1_18' title='bbox 1695 555 1863 620; x_wconf 84' lang='lat' dir='ltr'><strong>Appio</strong></span> <span class='ocrx_word' id='word_1_19' title='bbox 1898 555 2115 606; x_wconf 83' lang='lat' dir='ltr'><strong>Claudio</strong></span> <span class='ocrx_word' id='word_1_20' title='bbox 2154 557 2385 621; x_wconf 84' lang='lat' dir='ltr'><strong>praetori</strong></span> 
     </span>
     <span class='ocr_line' id='line_1_4' title="bbox 360 637 2381 710; baseline 0.001 -23"><span class='ocrx_word' id='word_1_21' title='bbox 360 653 475 688; x_wconf 91' lang='lat' dir='ltr'><strong>cum</strong></span> <span class='ocrx_word' id='word_1_22' title='bbox 512 639 743 689; x_wconf 83' lang='lat' dir='ltr'><strong>exercitu</strong></span> <span class='ocrx_word' id='word_1_23' title='bbox 781 637 1008 687; x_wconf 87' lang='lat' dir='ltr'><strong>Deciano</strong></span> <span class='ocrx_word' id='word_1_24' title='bbox 1044 639 1306 688; x_wconf 80' lang='lat' dir='ltr'><strong>adversus</strong></span> <span class='ocrx_word' id='word_1_25' title='bbox 1328 639 1597 690; x_wconf 82' lang='lat' dir='ltr'><strong>Samnites</strong></span> <span class='ocrx_word' id='word_1_26' title='bbox 1638 639 1803 689; x_wconf 79' lang='lat' dir='ltr'><strong>misso</strong></span> <span class='ocrx_word' id='word_1_27' title='bbox 1844 640 2056 690; x_wconf 75' lang='lat' dir='ltr'><strong>occasio</strong></span> <span class='ocrx_word' id='word_1_28' title='bbox 2082 640 2381 710; x_wconf 84' lang='lat' dir='ltr'><strong>oppidorum</strong></span> 
     </span>
     <span class='ocr_line' id='line_1_5' title="bbox 360 722 1942 787; baseline 0.001 -15"><span class='ocrx_word' id='word_1_29' title='bbox 360 724 424 773; x_wconf 89' lang='lat' dir='ltr'><strong>de</strong></span> <span class='ocrx_word' id='word_1_30' title='bbox 462 723 786 774; x_wconf 76' lang='lat' dir='ltr'><strong>Samnitibus</strong></span> <span class='ocrx_word' id='word_1_31' title='bbox 825 722 1188 786; x_wconf 86' lang='lat' dir='ltr'><strong>capiendorum</strong></span> <span class='ocrx_word' id='word_1_32' title='bbox 1230 739 1328 772; x_wconf 88' lang='lat' dir='ltr'><strong>non</strong></span> <span class='ocrx_word' id='word_1_33' title='bbox 1374 725 1556 773; x_wconf 74' lang='lat' dir='ltr'><strong>defuit.</strong></span> <span class='ocrx_word' id='word_1_34' title='bbox 1596 725 1713 773; x_wconf 56' lang='lat' dir='ltr'><strong>laiv.</strong></span> <span class='ocrx_word' id='word_1_35' title='bbox 1747 724 1818 787; x_wconf 85' lang='lat' dir='ltr'><strong>X,</strong></span> <span class='ocrx_word' id='word_1_36' title='bbox 1856 725 1942 773; x_wconf 87' lang='lat'><strong>31.</strong></span> 
     </span>
    </p>

    <p class='ocr_par' dir='ltr' id='par_1_3' title="bbox 357 807 2434 1047">
     <span class='ocr_line' id='line_1_6' title="bbox 495 807 2379 879; baseline -0.001 -22"><span class='ocrx_word' id='word_1_37' title='bbox 495 807 743 859; x_wconf 72' lang='lat' dir='ltr'><strong>Sabinor.</strong></span> <span class='ocrx_word' id='word_1_38' title='bbox 783 814 834 858; x_wconf 78' lang='lat' dir='ltr'><strong>et</strong></span> <span class='ocrx_word' id='word_1_39' title='bbox 864 809 1098 858; x_wconf 61' lang='lat' dir='ltr'><strong>Pateor.</strong></span> <span class='ocrx_word' id='word_1_40' title='bbox 1136 807 1367 858; x_wconf 72' lang='lat' dir='ltr'><strong>eaeerce‘e.</strong></span> <span class='ocrx_word' id='word_1_41' title='bbox 1406 808 1567 873; x_wconf 62' lang='lat' dir='ltr'><strong>fudi!-</strong></span> <span class='ocrx_word' id='word_1_42' title='bbox 1624 808 1978 871; x_wconf 83' lang='lat' dir='ltr'><strong>Intelligenda</strong></span> <span class='ocrx_word' id='word_1_43' title='bbox 2014 815 2110 879; x_wconf 31' lang='lat' dir='ltr'><strong>eet!</strong></span> <span class='ocrx_word' id='word_1_44' title='bbox 2133 807 2379 868; x_wconf 76' lang='lat' dir='ltr'><strong>victoria,</strong></span> 
     </span>
     <span class='ocr_line' id='line_1_7' title="bbox 357 890 2434 959; baseline 0 -17"><span class='ocrx_word' id='word_1_45' title='bbox 357 907 508 959; x_wconf 81' lang='lat' dir='ltr'><strong>quam</strong></span> <span class='ocrx_word' id='word_1_46' title='bbox 540 893 743 957; x_wconf 83' lang='lat' dir='ltr'><strong>Appius</strong></span> <span class='ocrx_word' id='word_1_47' title='bbox 779 892 1034 942; x_wconf 82' lang='lat' dir='ltr'><strong>Claudius</strong></span> <span class='ocrx_word' id='word_1_48' title='bbox 1075 893 1271 943; x_wconf 82' lang='lat' dir='ltr'><strong>Consul</strong></span> <span class='ocrx_word' id='word_1_49' title='bbox 1306 892 1491 943; x_wconf 87' lang='lat' dir='ltr'><strong>iterum</strong></span> <span class='ocrx_word' id='word_1_50' title='bbox 1530 891 1645 955; x_wconf 87' lang='lat' dir='ltr'><strong>(an.</strong></span> <span class='ocrx_word' id='word_1_51' title='bbox 1684 908 1733 942; x_wconf 89' lang='lat' dir='ltr'><strong>u.</strong></span> <span class='ocrx_word' id='word_1_52' title='bbox 1771 908 1819 944; x_wconf 88' lang='lat' dir='ltr'><strong>c.</strong></span> <span class='ocrx_word' id='word_1_53' title='bbox 1853 890 2014 954; x_wconf 72' lang='lat'>456.)</span> <span class='ocrx_word' id='word_1_54' title='bbox 2045 908 2079 942; x_wconf 81' lang='lat' dir='ltr'><strong>a</strong></span> <span class='ocrx_word' id='word_1_55' title='bbox 2106 892 2380 942; x_wconf 88' lang='lat' dir='ltr'><strong>Volumnio</strong></span> <span class='ocrx_word' id='word_1_56' title='bbox 2423 892 2434 899; x_wconf 82' lang='grc'>’</span> 
     </span>
     <span class='ocr_line' id='line_1_8' title="bbox 360 977 2379 1047; baseline 0 -20"><span class='ocrx_word' id='word_1_57' title='bbox 360 978 567 1041; x_wconf 77' lang='lat' dir='ltr'><strong>collega.</strong></span> <span class='ocrx_word' id='word_1_58' title='bbox 612 978 823 1026; x_wconf 86' lang='lat' dir='ltr'><strong>adiutus</strong></span> <span class='ocrx_word' id='word_1_59' title='bbox 877 978 939 1027; x_wconf 88' lang='lat' dir='ltr'><strong>de</strong></span> <span class='ocrx_word' id='word_1_60' title='bbox 986 977 1233 1027; x_wconf 78' lang='lat' dir='ltr'><strong>Etruscis</strong></span> <span class='ocrx_word' id='word_1_61' title='bbox 1287 977 1607 1041; x_wconf 75' lang='lat' dir='ltr'><strong>reportavit,</strong></span> <span class='ocrx_word' id='word_1_62' title='bbox 1648 993 1800 1047; x_wconf 86' lang='lat' dir='ltr'><strong>quam</strong></span> <span class='ocrx_word' id='word_1_63' title='bbox 1838 977 2023 1027; x_wconf 84' lang='lat' dir='ltr'><strong>Livius</strong></span> <span class='ocrx_word' id='word_1_64' title='bbox 2061 977 2131 1038; x_wconf 86' lang='lat' dir='ltr'><strong>X,</strong></span> <span class='ocrx_word' id='word_1_65' title='bbox 2172 978 2252 1027; x_wconf 89' lang='grc'><strong>18.</strong></span> <span class='ocrx_word' id='word_1_66' title='bbox 2296 978 2379 1028; x_wconf 90' lang='grc'><strong>19.</strong></span> 
     </span>
    </p>
   </div>
   <div class='ocr_carea' id='block_1_3' title="bbox 358 1061 2456 1128">
    <p class='ocr_par' dir='ltr' id='par_1_4' title="bbox 358 1061 2456 1128">
     <span class='ocr_line' id='line_1_9' title="bbox 358 1061 2456 1128; baseline -0.001 -16"><span class='ocrx_word' id='word_1_67' title='bbox 358 1066 464 1112; x_wconf 86' lang='lat' dir='ltr'><strong>tam</strong></span> <span class='ocrx_word' id='word_1_68' title='bbox 500 1063 719 1126; x_wconf 80' lang='lat' dir='ltr'><strong>egregie</strong></span> <span class='ocrx_word' id='word_1_69' title='bbox 742 1068 987 1113; x_wconf 76' lang='lat' dir='ltr'><strong>,enan-rat.</strong></span> <span class='ocrx_word' id='word_1_70' title='bbox 1029 1061 1213 1111; x_wconf 87' lang='lat' dir='ltr'><strong>Sabini</strong></span> <span class='ocrx_word' id='word_1_71' title='bbox 1245 1066 1417 1112; x_wconf 86' lang='lat' dir='ltr'><strong>autem</strong></span> <span class='ocrx_word' id='word_1_72' title='bbox 1446 1078 1558 1112; x_wconf 82' lang='lat' dir='ltr'><strong>eum</strong></span> <span class='ocrx_word' id='word_1_73' title='bbox 1586 1064 1833 1113; x_wconf 78' lang='lat' dir='ltr'><strong>Etruscis</strong></span> <span class='ocrx_word' id='word_1_74' title='bbox 1858 1063 2047 1112; x_wconf 86' lang='lat' dir='ltr'><strong>sociati</strong></span> <span class='ocrx_word' id='word_1_75' title='bbox 2076 1070 2179 1113; x_wconf 87' lang='lat' dir='ltr'><strong>tum</strong></span> <span class='ocrx_word' id='word_1_76' title='bbox 2207 1067 2381 1125; x_wconf 84' lang='lat' dir='ltr'><strong>erant,</strong></span> <span class='ocrx_word' id='word_1_77' title='bbox 2449 1119 2456 1128; x_wconf 34' lang='lat'><em>⁶</em></span> 
     </span>
    </p>
   </div>
   <div class='ocr_carea' id='block_1_4' title="bbox 357 1145 2386 1296">
    <p class='ocr_par' dir='ltr' id='par_1_5' title="bbox 357 1145 2386 1296">
     <span class='ocr_line' id='line_1_10' title="bbox 357 1145 2381 1226; baseline -0.001 -30"><span class='ocrx_word' id='word_1_78' title='bbox 357 1148 410 1196; x_wconf 84' lang='lat' dir='ltr'><strong>iu</strong></span> <span class='ocrx_word' id='word_1_79' title='bbox 458 1148 739 1213; x_wconf 80' lang='lat' dir='ltr'><strong>eodemque</strong></span> <span class='ocrx_word' id='word_1_80' title='bbox 787 1146 986 1211; x_wconf 87' lang='lat' dir='ltr'><strong>proelio</strong></span> <span class='ocrx_word' id='word_1_81' title='bbox 1039 1147 1295 1197; x_wconf 70' lang='lat' dir='ltr'><strong>cohortes</strong></span> <span class='ocrx_word' id='word_1_82' title='bbox 1333 1145 1582 1226; x_wconf 75' lang='lat' dir='ltr'><strong>Sabellae</strong></span> <span class='ocrx_word' id='word_1_83' title='bbox 1627 1162 1659 1196; x_wconf 88' lang='lat' dir='ltr'><strong>a</strong></span> <span class='ocrx_word' id='word_1_84' title='bbox 1708 1148 1864 1198; x_wconf 80' lang='lat' dir='ltr'><strong>Livio</strong></span> <span class='ocrx_word' id='word_1_85' title='bbox 1902 1147 1977 1210; x_wconf 85' lang='lat' dir='ltr'><strong>(c.</strong></span> <span class='ocrx_word' id='word_1_86' title='bbox 2020 1151 2127 1197; x_wconf 73' lang='grc'><strong>19.)</strong></span> <span class='ocrx_word' id='word_1_87' title='bbox 2164 1161 2381 1213; x_wconf 79' lang='lat' dir='ltr'><strong>quarum</strong></span> 
     </span>
     <span class='ocr_line' id='line_1_11' title="bbox 359 1232 2386 1296; baseline -0.002 -11"><span class='ocrx_word' id='word_1_88' title='bbox 359 1233 585 1285; x_wconf 81' lang='lat' dir='ltr'><strong>adventu</strong></span> <span class='ocrx_word' id='word_1_89' title='bbox 635 1232 964 1282; x_wconf 77' lang='lat' dir='ltr'><strong>recruduerit</strong></span> <span class='ocrx_word' id='word_1_90' title='bbox 1023 1247 1197 1296; x_wconf 74' lang='lat' dir='ltr'><strong>pugna</strong></span> <span class='ocrx_word' id='word_1_91' title='bbox 1248 1236 1728 1283; x_wconf 83' lang='lat' dir='ltr'><strong>commemorantur.</strong></span> <span class='ocrx_word' id='word_1_92' title='bbox 1802 1233 1910 1282; x_wconf 86' lang='lat' dir='ltr'><strong>Sed</strong></span> <span class='ocrx_word' id='word_1_93' title='bbox 1946 1232 2099 1283; x_wconf 74' lang='lat' dir='ltr'><strong>etiam</strong></span> <span class='ocrx_word' id='word_1_94' title='bbox 2137 1232 2386 1282; x_wconf 81' lang='lat' dir='ltr'><strong>Aurelius</strong></span> 
     </span>
    </p>
   </div>
   <div class='ocr_carea' id='block_1_5' title="bbox 274 1313 2385 1380">
    <p class='ocr_par' dir='ltr' id='par_1_6' title="bbox 274 1313 2385 1380">
     <span class='ocr_line' id='line_1_12' title="bbox 274 1313 2385 1380; baseline -0 -14"><span class='ocrx_word' id='word_1_95' title='bbox 274 1367 281 1374; x_wconf 73' lang='grc'>,</span> <span class='ocrx_word' id='word_1_96' title='bbox 356 1318 543 1368; x_wconf 85' lang='lat' dir='ltr'><strong>Victor</strong></span> <span class='ocrx_word' id='word_1_97' title='bbox 578 1317 683 1380; x_wconf 83' lang='lat' dir='ltr'><strong>(De</strong></span> <span class='ocrx_word' id='word_1_98' title='bbox 704 1318 838 1366; x_wconf 80' lang='lat' dir='ltr'><strong>viris</strong></span> <span class='ocrx_word' id='word_1_99' title='bbox 861 1317 1114 1367; x_wconf 85' lang='lat' dir='ltr'><strong>illustrib.</strong></span> <span class='ocrx_word' id='word_1_100' title='bbox 1144 1313 1394 1379; x_wconf 74' lang='lat' dir='ltr'><strong>cap.34.)</strong></span> <span class='ocrx_word' id='word_1_101' title='bbox 1435 1316 1485 1365; x_wconf 92' lang='lat' dir='ltr'><strong>in</strong></span> <span class='ocrx_word' id='word_1_102' title='bbox 1525 1316 1678 1380; x_wconf 81' lang='lat' dir='ltr'><strong>Appii</strong></span> <span class='ocrx_word' id='word_1_103' title='bbox 1717 1315 1923 1366; x_wconf 77' lang='lat' dir='ltr'><strong>Claudii</strong></span> <span class='ocrx_word' id='word_1_104' title='bbox 1961 1317 2100 1366; x_wconf 78' lang='lat' dir='ltr'><strong>vita:</strong></span> <span class='ocrx_word' id='word_1_105' title='bbox 2141 1318 2385 1380; x_wconf 85' lang='lat' dir='ltr'><strong>Sabinos,</strong></span> 
     </span>
    </p>
   </div>
   <div class='ocr_carea' id='block_1_6' title="bbox 295 1401 2385 2991">
    <p class='ocr_par' dir='ltr' id='par_1_7' title="bbox 357 1401 1365 1462">
     <span class='ocr_line' id='line_1_13' title="bbox 357 1401 1365 1462; baseline -0.003 -11"><span class='ocrx_word' id='word_1_106' title='bbox 357 1401 647 1462; x_wconf 85' lang='lat' dir='ltr'><strong>Samnites,</strong></span> <span class='ocrx_word' id='word_1_107' title='bbox 687 1403 945 1451; x_wconf 70' lang='lat' dir='ltr'><strong>Etruscos</strong></span> <span class='ocrx_word' id='word_1_108' title='bbox 981 1401 1116 1449; x_wconf 88' lang='lat' dir='ltr'><strong>bello</strong></span> <span class='ocrx_word' id='word_1_109' title='bbox 1154 1401 1365 1450; x_wconf 86' lang='lat' dir='ltr'><strong>domuit.</strong></span> 
     </span>
    </p>

    <p class='ocr_par' dir='ltr' id='par_1_8' title="bbox 358 1484 2385 1804">
     <span class='ocr_line' id='line_1_14' title="bbox 493 1484 2385 1557; baseline 0 -21"><span class='ocrx_word' id='word_1_110' title='bbox 493 1486 690 1536; x_wconf 71' lang='lat' dir='ltr'><strong>Pacem</strong></span> <span class='ocrx_word' id='word_1_111' title='bbox 733 1485 862 1550; x_wconf 74' lang='lat' dir='ltr'><strong>fieri</strong></span> <span class='ocrx_word' id='word_1_112' title='bbox 914 1500 1033 1535; x_wconf 82' lang='lat' dir='ltr'><strong>cum</strong></span> <span class='ocrx_word' id='word_1_113' title='bbox 1078 1485 1294 1550; x_wconf 75' lang='lat' dir='ltr'><strong>Pyrrho</strong></span> <span class='ocrx_word' id='word_1_114' title='bbox 1342 1498 1473 1549; x_wconf 75' lang='lat' dir='ltr'><strong>reye</strong></span> <span class='ocrx_word' id='word_1_115' title='bbox 1513 1485 1784 1550; x_wconf 73' lang='lat' dir='ltr'><strong>prohibuit</strong></span> <span class='ocrx_word' id='word_1_116' title='bbox 1829 1484 2255 1557; x_wconf 79' lang='lat' dir='ltr'><strong>celebratissima</strong></span> <span class='ocrx_word' id='word_1_117' title='bbox 2290 1487 2385 1536; x_wconf 80' lang='lat' dir='ltr'><strong>illa</strong></span> 
     </span>
     <span class='ocr_line' id='line_1_15' title="bbox 358 1564 2382 1636; baseline 0 -16"><span class='ocrx_word' id='word_1_118' title='bbox 358 1571 628 1634; x_wconf 81' lang='lat' dir='ltr'><strong>oratione,</strong></span> <span class='ocrx_word' id='word_1_119' title='bbox 673 1585 824 1636; x_wconf 79' lang='lat' dir='ltr'><strong>quam</strong></span> <span class='ocrx_word' id='word_1_120' title='bbox 848 1564 851 1565; x_wconf 42' lang='lat'><em>⁷</em></span> <span class='ocrx_word' id='word_1_121' title='bbox 875 1585 1038 1619; x_wconf 80' lang='lat' dir='ltr'><strong>senex</strong></span> <span class='ocrx_word' id='word_1_122' title='bbox 1093 1575 1146 1621; x_wconf 89' lang='lat' dir='ltr'><strong>et</strong></span> <span class='ocrx_word' id='word_1_123' title='bbox 1181 1584 1374 1622; x_wconf 82' lang='lat' dir='ltr'><strong>caecus</strong></span> <span class='ocrx_word' id='word_1_124' title='bbox 1412 1571 1608 1621; x_wconf 75' lang='lat' dir='ltr'><strong>lectica</strong></span> <span class='ocrx_word' id='word_1_125' title='bbox 1644 1571 1695 1621; x_wconf 92' lang='lat' dir='ltr'><strong>in</strong></span> <span class='ocrx_word' id='word_1_126' title='bbox 1731 1577 1968 1621; x_wconf 77' lang='lat' dir='ltr'><strong>senatum</strong></span> <span class='ocrx_word' id='word_1_127' title='bbox 2005 1572 2147 1622; x_wconf 88' lang='lat' dir='ltr'><strong>latus</strong></span> <span class='ocrx_word' id='word_1_128' title='bbox 2182 1570 2382 1622; x_wconf 87' lang='lat' dir='ltr'><strong>habuit.</strong></span> 
     </span>
     <span class='ocr_line' id='line_1_16' title="bbox 358 1653 2384 1723; baseline 0.001 -20"><span class='ocrx_word' id='word_1_129' title='bbox 358 1653 627 1705; x_wconf 83' lang='lat' dir='ltr'><strong>Plutarch.</strong></span> <span class='ocrx_word' id='word_1_130' title='bbox 680 1655 728 1704; x_wconf 91' lang='lat' dir='ltr'><strong>in</strong></span> <span class='ocrx_word' id='word_1_131' title='bbox 779 1655 969 1720; x_wconf 80' lang='lat' dir='ltr'><strong>Pyrrh.</strong></span> <span class='ocrx_word' id='word_1_132' title='bbox 1009 1669 1120 1719; x_wconf 85' lang='lat' dir='ltr'><strong>cap.</strong></span> <span class='ocrx_word' id='word_1_133' title='bbox 1159 1656 1244 1704; x_wconf 87' lang='grc'><strong>18.</strong></span> <span class='ocrx_word' id='word_1_134' title='bbox 1282 1668 1423 1723; x_wconf 81' lang='lat' dir='ltr'><strong>seqq.</strong></span> <span class='ocrx_word' id='word_1_135' title='bbox 1486 1655 1733 1705; x_wconf 88' lang='lat' dir='ltr'><strong>Veterum</strong></span> <span class='ocrx_word' id='word_1_136' title='bbox 1771 1657 1834 1705; x_wconf 87' lang='lat' dir='ltr'><strong>de</strong></span> <span class='ocrx_word' id='word_1_137' title='bbox 1871 1671 1936 1706; x_wconf 90' lang='lat' dir='ltr'><strong>ea</strong></span> <span class='ocrx_word' id='word_1_138' title='bbox 1969 1671 2027 1706; x_wconf 89' lang='lat' dir='ltr'><strong>re</strong></span> <span class='ocrx_word' id='word_1_139' title='bbox 2064 1657 2210 1706; x_wconf 81' lang='lat' dir='ltr'><strong>locos</strong></span> <span class='ocrx_word' id='word_1_140' title='bbox 2248 1670 2384 1706; x_wconf 87' lang='lat' dir='ltr'><strong>con-</strong></span> 
     </span>
     <span class='ocr_line' id='line_1_17' title="bbox 360 1737 1626 1804; baseline -0.001 -15"><span class='ocrx_word' id='word_1_141' title='bbox 360 1740 542 1804; x_wconf 79' lang='lat' dir='ltr'><strong>gessit</strong></span> <span class='ocrx_word' id='word_1_142' title='bbox 578 1741 860 1791; x_wconf 79' lang='lat' dir='ltr'><strong>Drumcmn</strong></span> <span class='ocrx_word' id='word_1_143' title='bbox 907 1740 970 1802; x_wconf 90' lang='grc' dir='ltr'><strong>(Ι.</strong></span> <span class='ocrx_word' id='word_1_144' title='bbox 1013 1738 1046 1788; x_wconf 89' lang='grc' dir='ltr'><strong>Ι.</strong></span> <span class='ocrx_word' id='word_1_145' title='bbox 1084 1754 1205 1803; x_wconf 79' lang='lat' dir='ltr'><strong>pag.</strong></span> <span class='ocrx_word' id='word_1_146' title='bbox 1243 1742 1363 1789; x_wconf 79' lang='grc'><strong>174.</strong></span> <span class='ocrx_word' id='word_1_147' title='bbox 1400 1747 1505 1789; x_wconf 78' lang='lat' dir='ltr'><strong>not.</strong></span> <span class='ocrx_word' id='word_1_148' title='bbox 1543 1737 1626 1801; x_wconf 81' lang='lat'><strong>1.)</strong></span> 
     </span>
    </p>

    <p class='ocr_par' dir='ltr' id='par_1_9' title="bbox 295 1824 2385 2568">
     <span class='ocr_line' id='line_1_18' title="bbox 497 1824 2385 1891; baseline 0 -18"><span class='ocrx_word' id='word_1_149' title='bbox 497 1825 644 1875; x_wconf 66' lang='lat' dir='ltr'><strong>Viam</strong></span> <span class='ocrx_word' id='word_1_150' title='bbox 679 1825 808 1891; x_wconf 78' lang='lat' dir='ltr'><strong>App.</strong></span> <span class='ocrx_word' id='word_1_151' title='bbox 845 1825 1046 1874; x_wconf 70' lang='lat' dir='ltr'><strong>strauit</strong></span> <span class='ocrx_word' id='word_1_152' title='bbox 1080 1830 1132 1874; x_wconf 79' lang='lat' dir='ltr'><strong>et</strong></span> <span class='ocrx_word' id='word_1_153' title='bbox 1167 1839 1372 1888; x_wconf 71' lang='lat' dir='ltr'><strong>aquom.</strong></span> <span class='ocrx_word' id='word_1_154' title='bbox 1444 1824 1630 1873; x_wconf 72' lang='lat' dir='ltr'><strong>Livius</strong></span> <span class='ocrx_word' id='word_1_155' title='bbox 1669 1824 1765 1888; x_wconf 83' lang='lat' dir='ltr'><strong>IX,</strong></span> <span class='ocrx_word' id='word_1_156' title='bbox 1800 1827 1887 1874; x_wconf 75' lang='lat'><strong>29.</strong></span> <span class='ocrx_word' id='word_1_157' title='bbox 1926 1825 2200 1890; x_wconf 81' lang='lat' dir='ltr'><strong>„Censura</strong></span> <span class='ocrx_word' id='word_1_158' title='bbox 2234 1824 2385 1876; x_wconf 83' lang='lat' dir='ltr'><strong>clara</strong></span> 
     </span>
     <span class='ocr_line' id='line_1_19' title="bbox 356 1907 2384 1974; baseline 0 -16"><span class='ocrx_word' id='word_1_159' title='bbox 356 1924 418 1958; x_wconf 86' lang='lat' dir='ltr'><strong>eo</strong></span> <span class='ocrx_word' id='word_1_160' title='bbox 456 1925 589 1960; x_wconf 85' lang='lat' dir='ltr'><strong>anno</strong></span> <span class='ocrx_word' id='word_1_161' title='bbox 626 1909 752 1972; x_wconf 72' lang='lat'><strong>(441</strong></span> <span class='ocrx_word' id='word_1_162' title='bbox 795 1925 842 1960; x_wconf 87' lang='lat' dir='ltr'><strong>u.</strong></span> <span class='ocrx_word' id='word_1_163' title='bbox 881 1907 956 1972; x_wconf 85' lang='lat' dir='ltr'><strong>c.)</strong></span> <span class='ocrx_word' id='word_1_164' title='bbox 995 1909 1144 1974; x_wconf 84' lang='lat' dir='ltr'><strong>Appii</strong></span> <span class='ocrx_word' id='word_1_165' title='bbox 1183 1909 1389 1959; x_wconf 78' lang='lat' dir='ltr'><strong>Claudii</strong></span> <span class='ocrx_word' id='word_1_166' title='bbox 1427 1912 1481 1958; x_wconf 90' lang='lat' dir='ltr'><strong>et</strong></span> <span class='ocrx_word' id='word_1_167' title='bbox 1516 1909 1576 1956; x_wconf 82' lang='grc' dir='ltr'><strong>Ο.</strong></span> <span class='ocrx_word' id='word_1_168' title='bbox 1599 1909 1794 1960; x_wconf 82' lang='lat' dir='ltr'><strong>Plautii</strong></span> <span class='ocrx_word' id='word_1_169' title='bbox 1823 1910 1954 1959; x_wconf 81' lang='lat' dir='ltr'><strong>fuit:</strong></span> <span class='ocrx_word' id='word_1_170' title='bbox 1991 1910 2266 1961; x_wconf 73' lang='lat' dir='ltr'><strong>memoriae</strong></span> <span class='ocrx_word' id='word_1_171' title='bbox 2293 1918 2384 1959; x_wconf 83' lang='lat' dir='ltr'><strong>ta-</strong></span> 
     </span>
     <span class='ocr_line' id='line_1_20' title="bbox 356 1993 2384 2060; baseline 0.001 -16"><span class='ocrx_word' id='word_1_172' title='bbox 356 2010 472 2045; x_wconf 84' lang='lat' dir='ltr'><strong>men</strong></span> <span class='ocrx_word' id='word_1_173' title='bbox 522 1994 784 2045; x_wconf 74' lang='lat' dir='ltr'><strong>felicioris</strong></span> <span class='ocrx_word' id='word_1_174' title='bbox 833 1995 899 2045; x_wconf 83' lang='lat' dir='ltr'><strong>ad</strong></span> <span class='ocrx_word' id='word_1_175' title='bbox 951 2002 1198 2058; x_wconf 83' lang='lat' dir='ltr'><strong>posteros</strong></span> <span class='ocrx_word' id='word_1_176' title='bbox 1247 2009 1431 2043; x_wconf 87' lang='lat' dir='ltr'><strong>nomeu</strong></span> <span class='ocrx_word' id='word_1_177' title='bbox 1475 1993 1660 2056; x_wconf 84' lang='lat' dir='ltr'><strong>Appii,</strong></span> <span class='ocrx_word' id='word_1_178' title='bbox 1712 1993 1844 2060; x_wconf 79' lang='lat' dir='ltr'><strong>quod</strong></span> <span class='ocrx_word' id='word_1_179' title='bbox 1894 1995 2027 2044; x_wconf 83' lang='lat' dir='ltr'><strong>viam</strong></span> <span class='ocrx_word' id='word_1_180' title='bbox 2076 1995 2297 2045; x_wconf 86' lang='lat' dir='ltr'><strong>munivit</strong></span> <span class='ocrx_word' id='word_1_181' title='bbox 2330 1998 2384 2047; x_wconf 77' lang='lat' dir='ltr'><strong>et</strong></span> 
     </span>
     <span class='ocr_line' id='line_1_21' title="bbox 357 2077 2378 2144; baseline 0 -17"><span class='ocrx_word' id='word_1_182' title='bbox 357 2093 539 2144; x_wconf 73' lang='lat' dir='ltr'><strong>aquam</strong></span> <span class='ocrx_word' id='word_1_183' title='bbox 593 2077 647 2129; x_wconf 81' lang='lat' dir='ltr'><strong>iu</strong></span> <span class='ocrx_word' id='word_1_184' title='bbox 706 2079 885 2129; x_wconf 85' lang='lat' dir='ltr'><strong>urbem</strong></span> <span class='ocrx_word' id='word_1_185' title='bbox 938 2077 1113 2141; x_wconf 83' lang='lat' dir='ltr'><strong>duxit,</strong></span> <span class='ocrx_word' id='word_1_186' title='bbox 1172 2092 1336 2143; x_wconf 76' lang='lat' dir='ltr'><strong>eaque</strong></span> <span class='ocrx_word' id='word_1_187' title='bbox 1391 2093 1526 2126; x_wconf 89' lang='lat' dir='ltr'><strong>unus</strong></span> <span class='ocrx_word' id='word_1_188' title='bbox 1603 2078 1877 2142; x_wconf 51' lang='lat' dir='ltr'><strong>perfecit!</strong></span> <span class='ocrx_word' id='word_1_189' title='bbox 1947 2080 2090 2129; x_wconf 82' lang='lat' dir='ltr'><strong>Sext.</strong></span> <span class='ocrx_word' id='word_1_190' title='bbox 2128 2079 2378 2128; x_wconf 77' lang='lat' dir='ltr'><strong>Aurelius</strong></span> 
     </span>
     <span class='ocr_line' id='line_1_22' title="bbox 358 2160 2382 2230; baseline 0.002 -22"><span class='ocrx_word' id='word_1_191' title='bbox 358 2162 543 2214; x_wconf 84' lang='lat' dir='ltr'><strong>Victor</strong></span> <span class='ocrx_word' id='word_1_192' title='bbox 579 2162 684 2226; x_wconf 87' lang='lat' dir='ltr'><strong>(De</strong></span> <span class='ocrx_word' id='word_1_193' title='bbox 723 2164 822 2213; x_wconf 85' lang='lat' dir='ltr'><strong>vir.</strong></span> <span class='ocrx_word' id='word_1_194' title='bbox 859 2163 1052 2212; x_wconf 86' lang='lat' dir='ltr'><strong>illustr.</strong></span> <span class='ocrx_word' id='word_1_195' title='bbox 1093 2177 1139 2212; x_wconf 89' lang='lat' dir='ltr'><strong>c.</strong></span> <span class='ocrx_word' id='word_1_196' title='bbox 1177 2160 1316 2222; x_wconf 55' lang='lat'><strong>343:</strong></span> <span class='ocrx_word' id='word_1_197' title='bbox 1371 2162 1556 2228; x_wconf 82' lang='lat' dir='ltr'><strong>„Viam</strong></span> <span class='ocrx_word' id='word_1_198' title='bbox 1604 2179 1770 2230; x_wconf 83' lang='lat' dir='ltr'><strong>usque</strong></span> <span class='ocrx_word' id='word_1_199' title='bbox 1803 2164 2147 2215; x_wconf 81' lang='lat' dir='ltr'><strong>Brundusium</strong></span> <span class='ocrx_word' id='word_1_200' title='bbox 2183 2163 2382 2229; x_wconf 87' lang='lat' dir='ltr'><strong>lapidi-</strong></span> 
     </span>
     <span class='ocr_line' id='line_1_23' title="bbox 353 2244 2377 2314; baseline -0.001 -14"><span class='ocrx_word' id='word_1_201' title='bbox 353 2249 454 2300; x_wconf 76' lang='lat' dir='ltr'><strong>bus</strong></span> <span class='ocrx_word' id='word_1_202' title='bbox 505 2250 730 2312; x_wconf 80' lang='lat' dir='ltr'><strong>stravit3</strong></span> <span class='ocrx_word' id='word_1_203' title='bbox 783 2250 914 2299; x_wconf 90' lang='lat' dir='ltr'><strong>unde</strong></span> <span class='ocrx_word' id='word_1_204' title='bbox 969 2249 1066 2300; x_wconf 76' lang='lat' dir='ltr'><strong>illa</strong></span> <span class='ocrx_word' id='word_1_205' title='bbox 1116 2249 1288 2313; x_wconf 85' lang='lat' dir='ltr'><strong>Appia</strong></span> <span class='ocrx_word' id='word_1_206' title='bbox 1333 2250 1488 2299; x_wconf 87' lang='lat' dir='ltr'><strong>dicta.</strong></span> <span class='ocrx_word' id='word_1_207' title='bbox 1570 2250 1770 2314; x_wconf 82' lang='lat' dir='ltr'><strong>Aquam</strong></span> <span class='ocrx_word' id='word_1_208' title='bbox 1823 2250 2075 2300; x_wconf 79' lang='lat' dir='ltr'><strong>Anienem</strong></span> <span class='ocrx_word' id='word_1_209' title='bbox 2125 2244 2377 2299; x_wconf 84' lang='lat' dir='ltr'><strong>induxit.“</strong></span> 
     </span>
     <span class='ocr_line' id='line_1_24' title="bbox 295 2329 2380 2399; baseline 0 -16"><span class='ocrx_word' id='word_1_210' title='bbox 295 2329 303 2334; x_wconf 63' lang='grc'><strong>’</strong></span> <span class='ocrx_word' id='word_1_211' title='bbox 355 2335 462 2384; x_wconf 78' lang='lat' dir='ltr'><strong>Sed</strong></span> <span class='ocrx_word' id='word_1_212' title='bbox 510 2334 562 2383; x_wconf 87' lang='lat' dir='ltr'><strong>iu</strong></span> <span class='ocrx_word' id='word_1_213' title='bbox 605 2335 705 2384; x_wconf 90' lang='lat' dir='ltr'><strong>hoc</strong></span> <span class='ocrx_word' id='word_1_214' title='bbox 742 2334 1022 2398; x_wconf 71' lang='lat' dir='ltr'><strong>posteriori</strong></span> <span class='ocrx_word' id='word_1_215' title='bbox 1061 2349 1218 2397; x_wconf 88' lang='lat' dir='ltr'><strong>opere</strong></span> <span class='ocrx_word' id='word_1_216' title='bbox 1254 2349 1419 2399; x_wconf 76' lang='lat' dir='ltr'><strong>aquae</strong></span> <span class='ocrx_word' id='word_1_217' title='bbox 1456 2334 1507 2383; x_wconf 90' lang='lat' dir='ltr'><strong>in</strong></span> <span class='ocrx_word' id='word_1_218' title='bbox 1547 2333 1722 2382; x_wconf 92' lang='lat' dir='ltr'><strong>urbem</strong></span> <span class='ocrx_word' id='word_1_219' title='bbox 1759 2334 2085 2383; x_wconf 79' lang='lat' dir='ltr'><strong>inducendae</strong></span> <span class='ocrx_word' id='word_1_220' title='bbox 2123 2334 2380 2384; x_wconf 80' lang='lat' dir='ltr'><strong>Plautium</strong></span> 
     </span>
     <span class='ocr_line' id='line_1_25' title="bbox 355 2417 2380 2482; baseline 0.001 -15"><span class='ocrx_word' id='word_1_221' title='bbox 355 2419 611 2481; x_wconf 72' lang='lat' dir='ltr'><strong>collegam</strong></span> <span class='ocrx_word' id='word_1_222' title='bbox 661 2419 948 2468; x_wconf 83' lang='lat' dir='ltr'><strong>adiutorem</strong></span> <span class='ocrx_word' id='word_1_223' title='bbox 985 2417 1270 2476; x_wconf 80' lang='lat' dir='ltr'><strong>habuisse,</strong></span> <span class='ocrx_word' id='word_1_224' title='bbox 1311 2417 1431 2467; x_wconf 86' lang='lat' dir='ltr'><strong>inde</strong></span> <span class='ocrx_word' id='word_1_225' title='bbox 1470 2424 1642 2481; x_wconf 85' lang='lat' dir='ltr'><strong>patet,</strong></span> <span class='ocrx_word' id='word_1_226' title='bbox 1681 2418 1813 2482; x_wconf 83' lang='lat' dir='ltr'><strong>quod</strong></span> <span class='ocrx_word' id='word_1_227' title='bbox 1854 2418 1901 2466; x_wconf 81' lang='lat' dir='ltr'><strong>is</strong></span> <span class='ocrx_word' id='word_1_228' title='bbox 1941 2432 2228 2480; x_wconf 75' lang='lat' dir='ltr'><strong>cognomen</strong></span> <span class='ocrx_word' id='word_1_229' title='bbox 2270 2419 2380 2469; x_wconf 74' lang='lat' dir='ltr'><strong>Vc·-</strong></span> 
     </span>
     <span class='ocr_line' id='line_1_26' title="bbox 355 2502 2384 2568; baseline -0.001 -14"><span class='ocrx_word' id='word_1_230' title='bbox 355 2502 511 2554; x_wconf 65' lang='lat' dir='ltr'><strong>noct‘u</strong></span> <span class='ocrx_word' id='word_1_231' title='bbox 537 2518 570 2551; x_wconf 87' lang='lat' dir='ltr'><strong>a</strong></span> <span class='ocrx_word' id='word_1_232' title='bbox 596 2502 749 2552; x_wconf 84' lang='lat' dir='ltr'><strong>venis</strong></span> <span class='ocrx_word' id='word_1_233' title='bbox 781 2515 946 2567; x_wconf 83' lang='lat' dir='ltr'><strong>aquae</strong></span> <span class='ocrx_word' id='word_1_234' title='bbox 981 2502 1211 2551; x_wconf 84' lang='lat' dir='ltr'><strong>inventis</strong></span> <span class='ocrx_word' id='word_1_235' title='bbox 1231 2508 1417 2553; x_wconf 86' lang='lat' dir='ltr'><strong>nactus</strong></span> <span class='ocrx_word' id='word_1_236' title='bbox 1438 2508 1536 2551; x_wconf 86' lang='lat' dir='ltr'><strong>est.</strong></span> <span class='ocrx_word' id='word_1_237' title='bbox 1577 2502 1812 2553; x_wconf 76' lang='lat' dir='ltr'><strong>Frontin.</strong></span> <span class='ocrx_word' id='word_1_238' title='bbox 1846 2504 1922 2554; x_wconf 86' lang='lat' dir='ltr'><strong>De</strong></span> <span class='ocrx_word' id='word_1_239' title='bbox 1953 2503 2164 2568; x_wconf 80' lang='lat' dir='ltr'><strong>aquaed.</strong></span> <span class='ocrx_word' id='word_1_240' title='bbox 2196 2517 2310 2566; x_wconf 84' lang='lat' dir='ltr'><strong>cap.</strong></span> <span class='ocrx_word' id='word_1_241' title='bbox 2330 2506 2384 2552; x_wconf 65' lang='lat'><strong>55</strong></span> 
     </span>
    </p>

    <p class='ocr_par' dir='ltr' id='par_1_10' title="bbox 355 2586 2383 2991">
     <span class='ocr_line' id='line_1_27' title="bbox 492 2586 2377 2651; baseline 0.001 -15"><span class='ocrx_word' id='word_1_242' title='bbox 492 2588 683 2637; x_wconf 72' lang='lat' dir='ltr'><strong>Aedem</strong></span> <span class='ocrx_word' id='word_1_243' title='bbox 728 2587 981 2637; x_wconf 78' lang='lat' dir='ltr'><strong>Bellonae</strong></span> <span class='ocrx_word' id='word_1_244' title='bbox 1030 2586 1080 2635; x_wconf 93' lang='lat' dir='ltr'><strong>in</strong></span> <span class='ocrx_word' id='word_1_245' title='bbox 1119 2587 1318 2651; x_wconf 89' lang='lat' dir='ltr'><strong>proelio</strong></span> <span class='ocrx_word' id='word_1_246' title='bbox 1357 2588 1616 2637; x_wconf 81' lang='lat' dir='ltr'><strong>adversus</strong></span> <span class='ocrx_word' id='word_1_247' title='bbox 1658 2589 1913 2638; x_wconf 76' lang='lat' dir='ltr'><strong>Etruscos</strong></span> <span class='ocrx_word' id='word_1_248' title='bbox 1952 2588 2148 2638; x_wconf 81' lang='lat' dir='ltr'><strong>Consul</strong></span> <span class='ocrx_word' id='word_1_249' title='bbox 2189 2587 2377 2638; x_wconf 74' lang='lat' dir='ltr'><strong>iterum</strong></span> 
     </span>
     <span class='ocr_line' id='line_1_28' title="bbox 356 2670 2383 2736; baseline -0.001 -12"><span class='ocrx_word' id='word_1_250' title='bbox 356 2678 592 2724; x_wconf 81' lang='lat' dir='ltr'><strong>voverat.</strong></span> <span class='ocrx_word' id='word_1_251' title='bbox 660 2673 846 2722; x_wconf 82' lang='lat' dir='ltr'><strong>Livius</strong></span> <span class='ocrx_word' id='word_1_252' title='bbox 885 2671 981 2734; x_wconf 87' lang='lat' dir='ltr'><strong>(X,</strong></span> <span class='ocrx_word' id='word_1_253' title='bbox 1017 2670 1154 2734; x_wconf 81' lang='lat'>18.):</span> <span class='ocrx_word' id='word_1_254' title='bbox 1201 2672 1440 2735; x_wconf 83' lang='lat' dir='ltr'><strong>„Dicitur</strong></span> <span class='ocrx_word' id='word_1_255' title='bbox 1486 2673 1687 2736; x_wconf 72' lang='lat' dir='ltr'><strong>Appius</strong></span> <span class='ocrx_word' id='word_1_256' title='bbox 1724 2673 1776 2723; x_wconf 84' lang='lat' dir='ltr'><strong>iu</strong></span> <span class='ocrx_word' id='word_1_257' title='bbox 1814 2672 1983 2722; x_wconf 88' lang='lat' dir='ltr'><strong>medio</strong></span> <span class='ocrx_word' id='word_1_258' title='bbox 2020 2688 2225 2736; x_wconf 76' lang='lat' dir='ltr'><strong>pugnae</strong></span> <span class='ocrx_word' id='word_1_259' title='bbox 2260 2672 2383 2721; x_wconf 87' lang='lat' dir='ltr'><strong>dis-</strong></span> 
     </span>
     <span class='ocr_line' id='line_1_29' title="bbox 355 2756 2380 2821; baseline -0 -14"><span class='ocrx_word' id='word_1_260' title='bbox 355 2757 574 2807; x_wconf 83' lang='lat' dir='ltr'><strong>crimine</strong></span> <span class='ocrx_word' id='word_1_261' title='bbox 613 2758 690 2807; x_wconf 85' lang='lat' dir='ltr'><strong>ita</strong></span> <span class='ocrx_word' id='word_1_262' title='bbox 726 2764 780 2810; x_wconf 86' lang='lat' dir='ltr'><strong>ut</strong></span> <span class='ocrx_word' id='word_1_263' title='bbox 815 2758 951 2808; x_wconf 89' lang='lat' dir='ltr'><strong>inter</strong></span> <span class='ocrx_word' id='word_1_264' title='bbox 985 2758 1152 2821; x_wconf 90' lang='lat' dir='ltr'><strong>prima</strong></span> <span class='ocrx_word' id='word_1_265' title='bbox 1190 2758 1349 2819; x_wconf 76' lang='lat' dir='ltr'><strong>signa</strong></span> <span class='ocrx_word' id='word_1_266' title='bbox 1374 2756 1607 2805; x_wconf 81' lang='lat' dir='ltr'><strong>manibus</strong></span> <span class='ocrx_word' id='word_1_267' title='bbox 1640 2758 1704 2806; x_wconf 90' lang='lat' dir='ltr'><strong>ad</strong></span> <span class='ocrx_word' id='word_1_268' title='bbox 1747 2759 1942 2807; x_wconf 89' lang='lat' dir='ltr'><strong>coelum</strong></span> <span class='ocrx_word' id='word_1_269' title='bbox 1984 2756 2209 2807; x_wconf 86' lang='lat' dir='ltr'><strong>sublatis</strong></span> <span class='ocrx_word' id='word_1_270' title='bbox 2249 2771 2380 2806; x_wconf 86' lang='lat' dir='ltr'><strong>con-</strong></span> 
     </span>
     <span class='ocr_line' id='line_1_30' title="bbox 356 2841 2380 2905; baseline 0.001 -14"><span class='ocrx_word' id='word_1_271' title='bbox 356 2843 667 2904; x_wconf 83' lang='lat' dir='ltr'><strong>spiceretur‚</strong></span> <span class='ocrx_word' id='word_1_272' title='bbox 707 2843 784 2891; x_wconf 84' lang='lat' dir='ltr'><strong>ita</strong></span> <span class='ocrx_word' id='word_1_273' title='bbox 817 2846 1065 2905; x_wconf 83' lang='lat' dir='ltr'><strong>precatus</strong></span> <span class='ocrx_word' id='word_1_274' title='bbox 1102 2856 1256 2897; x_wconf 75' lang='lat' dir='ltr'><strong>esse:</strong></span> <span class='ocrx_word' id='word_1_275' title='bbox 1308 2841 1589 2905; x_wconf 83' lang='lat' dir='ltr'><strong>„Bellona‚</strong></span> <span class='ocrx_word' id='word_1_276' title='bbox 1633 2841 1682 2889; x_wconf 86' lang='lat' dir='ltr'><strong>si</strong></span> <span class='ocrx_word' id='word_1_277' title='bbox 1721 2841 1872 2891; x_wconf 85' lang='lat' dir='ltr'><strong>hodie</strong></span> <span class='ocrx_word' id='word_1_278' title='bbox 1910 2842 2059 2892; x_wconf 90' lang='lat' dir='ltr'><strong>nobis</strong></span> <span class='ocrx_word' id='word_1_279' title='bbox 2099 2842 2380 2894; x_wconf 80' lang='lat' dir='ltr'><strong>victoriam</strong></span> 
     </span>
     <span class='ocr_line' id='line_1_31' title="bbox 356 2924 2208 2991; baseline 0.002 -17"><span class='ocrx_word' id='word_1_280' title='bbox 356 2924 497 2990; x_wconf 88' lang='lat' dir='ltr'><strong>duis,</strong></span> <span class='ocrx_word' id='word_1_281' title='bbox 534 2933 621 2975; x_wconf 82' lang='lat' dir='ltr'><strong>ast</strong></span> <span class='ocrx_word' id='word_1_282' title='bbox 657 2941 756 2989; x_wconf 82' lang='lat' dir='ltr'><strong>ego</strong></span> <span class='ocrx_word' id='word_1_283' title='bbox 792 2926 1036 2990; x_wconf 89' lang='lat' dir='ltr'><strong>templum</strong></span> <span class='ocrx_word' id='word_1_284' title='bbox 1074 2927 1166 2977; x_wconf 85' lang='lat' dir='ltr'><strong>tibi</strong></span> <span class='ocrx_word' id='word_1_285' title='bbox 1207 2924 1425 2976; x_wconf 87' lang='lat' dir='ltr'><strong>voveo.“</strong></span> <span class='ocrx_word' id='word_1_286' title='bbox 1476 2927 1543 2977; x_wconf 74' lang='lat' dir='ltr'><strong>cl’.</strong></span> <span class='ocrx_word' id='word_1_287' title='bbox 1583 2925 1732 2978; x_wconf 84' lang='lat' dir='ltr'><strong>Ovid.</strong></span> <span class='ocrx_word' id='word_1_288' title='bbox 1770 2927 1919 2978; x_wconf 75' lang='lat' dir='ltr'><strong>Fast.</strong></span> <span class='ocrx_word' id='word_1_289' title='bbox 1956 2927 2050 2991; x_wconf 86' lang='lat' dir='ltr'><strong>vl,</strong></span> <span class='ocrx_word' id='word_1_290' title='bbox 2087 2927 2208 2977; x_wconf 81' lang='lat'><strong>201.</strong></span> 
     </span>
    </p>
   </div>
   <div class='ocr_carea' id='block_1_7' title="bbox 1145 3099 1567 3111">
    <p class='ocr_par' dir='ltr' id='par_1_11' title="bbox 1145 3099 1567 3111">
     <span class='ocr_line' id='line_1_32' title="bbox 1145 3099 1567 3111; baseline 0 1338"><span class='ocrx_word' id='word_1_291' title='bbox 1145 3099 1567 3111; x_wconf 95' lang='lat' dir='ltr'><strong> </strong></span> 
     </span>
    </p>
   </div>
   <div class='ocr_carea' id='block_1_8' title="bbox 739 3206 2001 3273">
    <p class='ocr_par' dir='ltr' id='par_1_12' title="bbox 739 3206 2001 3273">
     <span class='ocr_line' id='line_1_33' title="bbox 739 3206 2001 3273; baseline 0.002 -5"><span class='ocrx_word' id='word_1_292' title='bbox 739 3206 890 3268; x_wconf 83' lang='lat' dir='ltr'><strong>Iv.</strong></span> <span class='ocrx_word' id='word_1_293' title='bbox 935 3208 1045 3271; x_wconf 77' lang='lat' dir='ltr'><strong>M.</strong></span> <span class='ocrx_word' id='word_1_294' title='bbox 1078 3210 1491 3273; x_wconf 76' lang='lat' dir='ltr'><strong>Valerius</strong></span> <span class='ocrx_word' id='word_1_295' title='bbox 1537 3210 2001 3273; x_wconf 77' lang='lat' dir='ltr'><strong>Corvinus.</strong></span> 
     </span>
    </p>
   </div>
   <div class='ocr_carea' id='block_1_9' title="bbox 353 3336 2384 3918">
    <p class='ocr_par' dir='ltr' id='par_1_13' title="bbox 353 3336 2384 3918">
     <span class='ocr_line' id='line_1_34' title="bbox 497 3336 2382 3409; baseline 0.004 -21"><span class='ocrx_word' id='word_1_296' title='bbox 497 3336 677 3401; x_wconf 79' lang='lat' dir='ltr'><strong>Elogii</strong></span> <span class='ocrx_word' id='word_1_297' title='bbox 743 3337 793 3388; x_wconf 91' lang='lat' dir='ltr'><strong>in</strong></span> <span class='ocrx_word' id='word_1_298' title='bbox 841 3341 943 3388; x_wconf 81' lang='lat' dir='ltr'><strong>line</strong></span> <span class='ocrx_word' id='word_1_299' title='bbox 987 3341 1152 3392; x_wconf 84' lang='lat' dir='ltr'><strong>laceri</strong></span> <span class='ocrx_word' id='word_1_300' title='bbox 1205 3358 1334 3407; x_wconf 81' lang='lat' dir='ltr'><strong>pars</strong></span> <span class='ocrx_word' id='word_1_301' title='bbox 1385 3342 1588 3409; x_wconf 85' lang='lat' dir='ltr'><strong>reliqua</strong></span> <span class='ocrx_word' id='word_1_302' title='bbox 1637 3343 1769 3393; x_wconf 85' lang='lat' dir='ltr'><strong>haec</strong></span> <span class='ocrx_word' id='word_1_303' title='bbox 1806 3343 2067 3396; x_wconf 82' lang='lat' dir='ltr'><strong>continet:</strong></span> <span class='ocrx_word' id='word_1_304' title='bbox 2104 3342 2311 3395; x_wconf 76' lang='lat' dir='ltr'><strong>Gallum</strong></span> <span class='ocrx_word' id='word_1_305' title='bbox 2346 3353 2382 3395; x_wconf 69' lang='grc' dir='ltr'><strong>ι’</strong></span> 
     </span>
     <span class='ocr_line' id='line_1_35' title="bbox 353 3420 2384 3496; baseline 0.002 -22"><span class='ocrx_word' id='word_1_306' title='bbox 353 3420 571 3474; x_wconf 81' lang='lat' dir='ltr'><strong>Valerio</strong></span> <span class='ocrx_word' id='word_1_307' title='bbox 625 3423 984 3489; x_wconf 73' lang='lat' dir='ltr'><strong>interfectum3</strong></span> <span class='ocrx_word' id='word_1_308' title='bbox 1038 3428 1269 3478; x_wconf 79' lang='lat' dir='ltr'><strong>eiusdem</strong></span> <span class='ocrx_word' id='word_1_309' title='bbox 1308 3430 1649 3490; x_wconf 81' lang='lat' dir='ltr'><strong>consulatus,</strong></span> <span class='ocrx_word' id='word_1_310' title='bbox 1688 3429 2014 3493; x_wconf 79' lang='lat' dir='ltr'><strong>dictaturas,</strong></span> <span class='ocrx_word' id='word_1_311' title='bbox 2049 3428 2384 3496; x_wconf 62' lang='lat' dir='ltr'><strong>triumphos)</strong></span> 
     </span>
     <span class='ocr_line' id='line_1_36' title="bbox 355 3507 2379 3571; baseline 0.001 -11"><span class='ocrx_word' id='word_1_312' title='bbox 355 3507 619 3560; x_wconf 75' lang='lat' dir='ltr'><strong>exereitus</strong></span> <span class='ocrx_word' id='word_1_313' title='bbox 657 3508 889 3571; x_wconf 84' lang='lat' dir='ltr'><strong>Capuani</strong></span> <span class='ocrx_word' id='word_1_314' title='bbox 925 3512 1236 3563; x_wconf 80' lang='lat' dir='ltr'><strong>seditionem</strong></span> <span class='ocrx_word' id='word_1_315' title='bbox 1273 3516 1337 3564; x_wconf 84' lang='lat' dir='ltr'><strong>ab</strong></span> <span class='ocrx_word' id='word_1_316' title='bbox 1377 3529 1438 3564; x_wconf 90' lang='lat' dir='ltr'><strong>eo</strong></span> <span class='ocrx_word' id='word_1_317' title='bbox 1476 3515 1812 3563; x_wconf 85' lang='lat' dir='ltr'><strong>sedatam.·-</strong></span> <span class='ocrx_word' id='word_1_318' title='bbox 1836 3515 2042 3568; x_wconf 77' lang='lat' dir='ltr'><strong>Titulus</strong></span> <span class='ocrx_word' id='word_1_319' title='bbox 2080 3513 2204 3563; x_wconf 89' lang='lat' dir='ltr'><strong>olim</strong></span> <span class='ocrx_word' id='word_1_320' title='bbox 2232 3512 2379 3563; x_wconf 73' lang='lat' dir='ltr'><strong>Nea-</strong></span> 
     </span>
     <span class='ocr_line' id='line_1_37' title="bbox 356 3591 2382 3668; baseline 0.004 -26"><span class='ocrx_word' id='word_1_321' title='bbox 356 3591 460 3654; x_wconf 79' lang='lat' dir='ltr'><strong>poli</strong></span> <span class='ocrx_word' id='word_1_322' title='bbox 496 3599 779 3656; x_wconf 84' lang='lat' dir='ltr'><strong>repertus,</strong></span> <span class='ocrx_word' id='word_1_323' title='bbox 815 3609 916 3643; x_wconf 89' lang='lat' dir='ltr'><strong>non</strong></span> <span class='ocrx_word' id='word_1_324' title='bbox 954 3602 1220 3668; x_wconf 60' lang='lat' dir='ltr'><strong>superest,</strong></span> <span class='ocrx_word' id='word_1_325' title='bbox 1258 3600 1353 3648; x_wconf 88' lang='lat' dir='ltr'><strong>sed</strong></span> <span class='ocrx_word' id='word_1_326' title='bbox 1392 3599 1657 3662; x_wconf 80' lang='lat' dir='ltr'><strong>exemplar</strong></span> <span class='ocrx_word' id='word_1_327' title='bbox 1696 3599 1812 3649; x_wconf 88' lang='lat' dir='ltr'><strong>eius</strong></span> <span class='ocrx_word' id='word_1_328' title='bbox 1849 3599 2170 3663; x_wconf 84' lang='lat' dir='ltr'><strong>descriptum</strong></span> <span class='ocrx_word' id='word_1_329' title='bbox 2207 3602 2382 3650; x_wconf 78' lang='lat' dir='ltr'><strong>exstat</strong></span> 
     </span>
     <span class='ocr_line' id='line_1_38' title="bbox 357 3673 2377 3748; baseline 0.005 -25"><span class='ocrx_word' id='word_1_330' title='bbox 357 3673 408 3722; x_wconf 92' lang='lat' dir='ltr'><strong>in</strong></span> <span class='ocrx_word' id='word_1_331' title='bbox 446 3675 763 3727; x_wconf 83' lang='lat' dir='ltr'><strong>bibliotheca</strong></span> <span class='ocrx_word' id='word_1_332' title='bbox 800 3678 1051 3729; x_wconf 81' lang='lat' dir='ltr'><strong>Vaticana</strong></span> <span class='ocrx_word' id='word_1_333' title='bbox 1088 3682 1217 3731; x_wconf 91' lang='lat' dir='ltr'><strong>unde</strong></span> <span class='ocrx_word' id='word_1_334' title='bbox 1236 3684 1564 3747; x_wconf 79' lang='lat' dir='ltr'><strong>Borghesius</strong></span> <span class='ocrx_word' id='word_1_335' title='bbox 1601 3684 1799 3747; x_wconf 86' lang='lat' dir='ltr'><strong>primus</strong></span> <span class='ocrx_word' id='word_1_336' title='bbox 1839 3685 2000 3735; x_wconf 84' lang='lat' dir='ltr'><strong>edidit</strong></span> <span class='ocrx_word' id='word_1_337' title='bbox 2035 3684 2087 3734; x_wconf 92' lang='lat' dir='ltr'><strong>in</strong></span> <span class='ocrx_word' id='word_1_338' title='bbox 2122 3684 2255 3735; x_wconf 89' lang='lat' dir='ltr'><strong>libro</strong></span> <span class='ocrx_word' id='word_1_339' title='bbox 2290 3682 2377 3748; x_wconf 74' lang='lat' dir='ltr'><strong>qul</strong></span> 
     </span>
     <span class='ocr_line' id='line_1_39' title="bbox 357 3757 2381 3834; baseline 0.006 -29"><span class='ocrx_word' id='word_1_340' title='bbox 357 3757 667 3812; x_wconf 72' lang='lat' dir='ltr'><strong>inscribitur</strong></span> <span class='ocrx_word' id='word_1_341' title='bbox 720 3762 969 3816; x_wconf 79' lang='lat' dir='ltr'><strong>Gioruale</strong></span> <span class='ocrx_word' id='word_1_342' title='bbox 1015 3765 1296 3817; x_wconf 76' lang='lat' dir='ltr'><strong>Arcadico.</strong></span> <span class='ocrx_word' id='word_1_343' title='bbox 1355 3768 1503 3818; x_wconf 82' lang='lat' dir='ltr'><strong>Rom.</strong></span> <span class='ocrx_word' id='word_1_344' title='bbox 1544 3767 1694 3821; x_wconf 78' lang='lat'><strong>1819.</strong></span> <span class='ocrx_word' id='word_1_345' title='bbox 1750 3769 1895 3820; x_wconf 76' lang='lat' dir='ltr'><strong>Tom.</strong></span> <span class='ocrx_word' id='word_1_346' title='bbox 1932 3769 1973 3833; x_wconf 91' lang='lat'><strong>1,</strong></span> <span class='ocrx_word' id='word_1_347' title='bbox 2013 3785 2135 3834; x_wconf 72' lang='lat' dir='ltr'><strong>pag.</strong></span> <span class='ocrx_word' id='word_1_348' title='bbox 2174 3772 2261 3821; x_wconf 75' lang='lat'><strong>60.</strong></span> <span class='ocrx_word' id='word_1_349' title='bbox 2312 3768 2381 3819; x_wconf 80' lang='lat' dir='ltr'><strong>cf.</strong></span> 
     </span>
     <span class='ocr_line' id='line_1_40' title="bbox 358 3843 1647 3918; baseline 0.005 -22"><span class='ocrx_word' id='word_1_350' title='bbox 358 3843 538 3896; x_wconf 77' lang='lat' dir='ltr'><strong>Aurel-</strong></span> <span class='ocrx_word' id='word_1_351' title='bbox 575 3846 771 3899; x_wconf 86' lang='lat' dir='ltr'><strong>Victor.</strong></span> <span class='ocrx_word' id='word_1_352' title='bbox 807 3849 882 3899; x_wconf 80' lang='lat' dir='ltr'><strong>De</strong></span> <span class='ocrx_word' id='word_1_353' title='bbox 919 3849 1019 3900; x_wconf 88' lang='lat' dir='ltr'><strong>vir.</strong></span> <span class='ocrx_word' id='word_1_354' title='bbox 1058 3848 1252 3904; x_wconf 84' lang='lat' dir='ltr'><strong>illustr.</strong></span> <span class='ocrx_word' id='word_1_355' title='bbox 1302 3868 1417 3918; x_wconf 84' lang='lat' dir='ltr'><strong>cap.</strong></span> <span class='ocrx_word' id='word_1_356' title='bbox 1455 3852 1647 3908; x_wconf 80' lang='lat' dir='ltr'><strong>XXIX.</strong></span> 
     </span>
    </p>
   </div>
   <div class='ocr_carea' id='block_1_10' title="bbox 1205 3984 1532 3998">
    <p class='ocr_par' dir='ltr' id='par_1_14' title="bbox 1205 3984 1532 3998">
     <span class='ocr_line' id='line_1_41' title="bbox 1205 3984 1532 3998; baseline 0 451"><span class='ocrx_word' id='word_1_357' title='bbox 1205 3984 1532 3998; x_wconf 95' lang='lat' dir='ltr'><strong> </strong></span> 
     </span>
    </p>
   </div>
  </div>
 </body>
</html>
