2674 4449
1274 232 1376 325 ,38
1435 226 1446 229 ·

318 409 608 464 Marcellus
666 409 772 473 (De
819 402 929 461 s'til.
978 407 1137 474 lapid.
1181 407 1238 472 1,
1275 410 1326 459 1.
1363 410 1416 459 5.
1454 422 1575 473 pag.
1610 409 1759 473 16⁰„
1791 407 1892 460 Ed.
1926 406 2004 473 1.)
2057 411 2122 462 de
2160 410 2349 464 cadem

319 495 695 562 inscriptione:
731 495 970 562 „Titulos
1009 497 1181 546 autem
1217 492 1414 561 statuis
1449 493 1603 545 hisce
1641 491 1795 558 (puta
1811 493 2351 549 virorumillustdun

320 581 377 632 in
411 576 526 632 foro
561 581 789 646 Augusti
826 578 1053 648 positis)
1092 579 1425 644 subscriptos
1464 593 1590 629 esse
1628 593 1692 629 ex
1722 578 1892 629 Plinio
1931 579 2116 646 disce,
2155 581 2241 647 qui
2277 582 2347 633 de

327 666 576 732 Scipione
623 665 918 718 Aemiliano
958 664 1091 717 haec
1124 662 1358 730 prodidit
1393 661 1565 729 (nist.
1599 669 1709 715 nat.
1741 663 1919 730 XXII,
1955 663 2067 728 60:
2117 665 2348 717 Amilia-

323 767 442 803 num
478 767 674 819 quoque
707 751 1040 817 Scipionem,
1073 751 1246 802 Varro
1284 754 1469 801 auctor
1505 752 1621 816 est,
1656 751 1901 801 donatum
1937 751 2258 804 obsidionali
2290 753 2350 805 in

323 836 512 888 Africa
545 836 741 888 Manlio
781 837 904 888 Cos.
938 836 1110 888 tribus
1150 833 1454 887 cohortibus
1492 834 1756 900 servatis,
1793 834 2106 903 totidemque
2142 837 2205 888 ad
2223 851 2349 889 ser-

321 921 528 992 vandas
566 935 661 971 eas
701 921 919 972 eductis.
975 921 1123 982 Quod
1160 925 1212 972 et
1247 923 1458 971 statuae
1495 919 1611 971 eius
1647 921 1701 972 in
1733 921 1851 972 foro
1890 936 1988 973 suo
2024 910 2198 974 Divus¹
2228 923 2350 975 Au-

324 1009 519 1070 gustus
558 1006 865 1072 adscripsit.
952 1006 1116 1058 Cuius
1163 1020 1263 1070 ego
1300 1005 1468 1070 elogii
1502 1012 1706 1071 partem
1742 1022 1867 1060 esse
1904 1007 2136 1061 arhitror
2169 1023 2355 1061 exem·-

194 1100 213 1113 *
324 1092 469 1157 plum
515 1092 644 1141 illud
694 1091 1068 1141 Gruterianum
1117 1092 1251 1154 quod
1286 1089 1342 1138 in
1376 1091 1491 1141 foro
1526 1097 1790 1157 repertum
1826 1098 1949 1160 est3
1993 1093 2127 1144 unde
2162 1095 2214 1145 et
2246 1095 2352 1145 hoc

327 1173 584 1226 discimus
618 1173 907 1228 Aemilium
936 1177 1139 1239 patrem
1175 1176 1227 1225 et
1246 1171 1556 1243 Scipionem,
1580 1177 1740 1230 fllium
1777 1192 1805 1230 e
1840 1192 2100 1231 marmore
2128 1193 2351 1246 expres-

330 1275 424 1311 sos
462 1276 567 1312 una
601 1260 655 1312 in
691 1258 811 1312 basi
848 1255 1124 1312 stetisse.“

330 1422 396 1485 L.
430 1423 581 1486 Aem
615 1470 629 1485 .
650 1469 665 1484 .
686 1469 700 1486 .
732 1426 826 1487 ius
856 1380 924 1487 1..
958 1425 1020 1486 F.
1063 1423 1302 1488 Paullus
1451 1423 1516 1485 P.
1536 1424 1850 1486 Cornelius
1866 1422 2054 1486 Paulli
2069 1426 2133 1486 F.
2150 1424 2357 1504 Scipio

511 1540 598 1600 Co
750 1538 926 1600 Gens.
957 1539 1163 1618 Augur
1381 1535 1697 1600 Africanus
1714 1534 2357 1615 Cos.11.Cens.Augur,

507 1658 565 1713 tr
597 1697 611 1712 .
648 1696 663 1711 .
694 1651 1005 1731 umphavit
1032 1657 1142 1714 ter.
1380 1651 1766 1731 triumphavit
1794 1649 1865 1711 ΙΙ.

468 1848 530 1899 Iu
574 1848 801 1902 Aemilio
854 1850 1004 1903 Pauli
1051 1852 1222 1917 elogio
1280 1852 1409 1905 Coe.
1448 1852 1507 1903 ΙΙ
1540 1849 1879 1916 supplendum
1917 1853 2033 1916 est3
2083 1865 2250 1918 neque
2285 1849 2364 1900 li-

339 1938 488 1985 terae
525 1941 736 1986 ceterae
775 1952 907 2004 quae
943 1936 1321 1989 interciderunt
1356 1937 1541 1988 dubiae
1578 1950 1701 1988 esse
1736 1939 1977 2000 possunt.
2013 1924 2120 1986 Sed
2149 1935 2366 1986 dubita-

333 2017 528 2068 tionem
562 2025 752 2085 movet,
791 2022 926 2090 quod
948 2023 1147 2075 Paulus
1185 2022 1288 2073 lul.
1323 2027 1406 2073 ter
1440 2019 1797 2086 triumphasse
1828 2020 2149 2085 perhibetur,
2187 2022 2369 2072 contra

334 2100 678 2165 plurImorum
713 2102 1026 2167 scriptorum
1060 2104 1241 2171 fidem,
1293 2104 1431 2170 apud
1465 2120 1597 2172 quos
1633 2104 1743 2156 bini
1776 2108 1975 2154 tantum
2010 2104 2259 2170 triumphi
2311 2104 2368 2156 in

338 2188 557 2248 utroque
602 2186 756 2231 Pauli
803 2187 1082 2232 consulatu
1133 2193 1491 2255 numerantur.
1579 2189 1737 2252 Quam
1771 2188 1977 2255 quidem
2010 2189 2366 2257 quaestionem

341 2271 589 2319 accurata
623 2265 939 2317 tractatione
979 2267 1144 2333 exigit
1176 2268 1488 2342 Perizonius
1525 2273 1804 2321 Animadv.
1835 2274 2082 2340 historie.
2127 2275 2252 2342 Cap.
2272 2274 2367 2326 vl.

339 2367 460 2418 pag.
498 2353 621 2402 212.
659 2350 769 2403 Res
807 2351 945 2404 enim
982 2352 1057 2404 ita
1093 2368 1156 2404 se
1192 2355 1365 2406 habet.
1402 2354 1507 2407 'l'er
1542 2356 1897 2422 triumphasse
1915 2359 2196 2409 Aemilium
2220 2362 2370 2412 Pau-

339 2437 445 2489 lum
497 2444 708 2505 praeter
758 2438 860 2489 hoc
899 2439 1132 2504 elogium
1165 2439 1404 2494 Velleius
1442 2445 1638 2493 tantum
1674 2442 1984 2495 Paterculus
2019 2445 2062 2506 Ι,
2098 2447 2147 2495 9.
2183 2446 2370 2511 tradit,

341 2523 526 2591 quippe
562 2525 649 2594 qui
685 2526 786 2576 iam
814 2528 1119 2581 Praetorem
1154 2526 1467 2591 triumphum
1494 2533 1804 2593 reportasse
1839 2528 2061 2595 scribat,
2099 2533 2251 2597 atque
2271 2530 2371 2581 de-

339 2610 481 2660 narii
532 2610 728 2679 aliquot
761 2610 998 2662 familiae
1032 2611 1293 2664 Aemiliae
1329 2611 1567 2663 indicare
1602 2612 1875 2676 videntur,
1929 2612 1985 2664 in
2023 2614 2208 2683 quibus
2246 2616 2372 2667 effl-

344 2695 462 2760 gies
497 2696 652 2747 Pauli
687 2701 957 2762 tropaeum
993 2695 1252 2762 erigentis
1290 2692 1632 2763 conspicitur,
1670 2698 1871 2764 scripto
1909 2714 2074 2766 supra
2105 2704 2375 2765 tropaeum

345 2782 508 2848 TER,
554 2783 692 2833 infra
725 2783 1064 2835 PAVhLVS.
1136 2784 1244 2835 Sed
1277 2782 1589 2835 Perizonius
1627 2784 1789 2835 certis
1826 2784 2120 2836 rationibus
2157 2785 2375 2836 demon-

346 2873 487 2921 strat
523 2872 704 2921 contra
737 2868 1018 2936 Pighium,
1053 2868 1310 2936 Lipsium,
1349 2869 1623 2922 valesium
1658 2869 1744 2937 qui
1778 2876 1959 2921 ternos
1995 2870 2149 2921 Pauli
2184 2869 2375 2921 trium-

336 2955 479 3023 phos
518 2958 777 3022 statuunt,
811 2956 1034 3021 primum
1063 2955 1266 3022 tropaei
1301 2954 1513 3019 insigne
1541 2970 1642 3007 non
1678 2954 1991 3027 triumphum
2014 2956 2246 3016 indicare
2278 2954 2375 3006 sed

345 3042 596 3094 honorem
648 3041 908 3107 triumpho
962 3041 1212 3092 minorem
1262 3055 1415 3107 quum
1454 3040 1539 3109 qui
1574 3040 1784 3092 hostem
1816 3042 2070 3106 fugasset
2104 3044 2378 3106 tropaeum

347 3132 660 3193 mereretur,
709 3128 805 3179 sed
847 3127 1059 3178 nonnisi
1093 3126 1180 3194 qui
1218 3126 1287 3178 ad
1320 3126 1733 3179 internecionem
1766 3126 1995 3178 vicisset
2027 3126 2378 3194 triumphum3

349 3214 534 3266 deinde
549 3212 740 3265 Velleii
758 3212 1061 3265 testimonio
1084 3212 1298 3264 obstare
1312 3212 1595 3264 Fastorum
1612 3212 2036 3280 Capitolinorum,
2052 3210 2216 3278 Livii,
2242 3210 2378 3262 Plu-

348 3300 543 3366 tarchi,
555 3298 759 3351 Aurelii
777 3297 1011 3350 Victoris
1027 3299 1410 3366 auctoritatem,
1432 3298 1516 3366 qui
1528 3296 1687 3350 Paulo
1705 3302 1903 3350 tantum
1915 3296 2172 3363 duplicem
2185 3295 2379 3348 trium-

349 3389 507 3456 phum
532 3389 588 3440 in
610 3391 826 3455 utroque
859 3385 1137 3438 consulatu
1162 3386 1465 3451 assignent,
1499 3385 1554 3436 in
1576 3384 1836 3438 Praetura
1856 3399 1982 3437 vero
2013 3381 2225 3436 nonnisi
2242 3395 2379 3448 sup-

351 3473 698 3541 plicationem.
733 3474 860 3525 Inde
899 3472 1180 3526 concludit:
1217 3474 1376 3538 hunc,
1408 3470 1495 3538 qui
1530 3470 1687 3523 istam
1720 3471 1785 3524 L.
1820 3471 1975 3525 Pauli
2010 3474 2236 3521 statuam
2269 3468 2379 3520 isto

352 3564 505 3615 titulo
560 3559 900 3628 inscripserit
944 3543 1104 3611 nimis
1159 3558 1367 3610 favisse
1418 3557 1504 3608 sui
1556 3558 1773 3621 gentilis
1820 3556 1968 3609 laudi
2021 3563 2074 3608 et
2107 3558 2222 3607 tres
2260 3554 2381 3605 eius

352 3648 645 3714 triumphos
682 3637 738 3700 in
773 3651 1099 3699 monumento
1136 3645 1391 3706 iactasse,
1428 3642 1545 3694 sive
1577 3645 1709 3711 quod
1731 3644 1891 3696 facile
1914 3658 1976 3696 se
1997 3655 2382 3709 persuasurum

356 3737 410 3785 et
444 3733 748 3800 aequalibus
786 3737 840 3785 et
871 3733 1105 3799 posteris
1141 3728 1556 3796 existimaverit,
1610 3730 1732 3796 quia
1766 3744 1892 3780 vere
1927 3730 1989 3781 L.
2023 3728 2222 3779 Paulus
2256 3729 2385 3792 post

352 3821 670 3872 Praeturam
717 3820 774 3872 in
821 3818 1087 3886 Hispania
1140 3830 1378 3884 magnam
1430 3814 1493 3868 de
1528 3814 1774 3869 hostibus
1808 3813 2117 3880 victoriam,
2162 3814 2383 3881 propter
