2674 4449
1356 280 1390 338 7

376 452 577 502 dandae
629 466 794 504 musa
836 452 890 504 in
942 466 1104 518 esque
1156 454 1355 504 honore
1407 451 1688 507 Maximu-
1734 452 2044 517 appellatum
2079 467 2206 505 esse
2241 452 2393 504 Fasti

372 534 651 600 Capitolini
689 537 754 587 ad
789 536 925 589 hunc
960 552 1143 587 unum
1170 538 1439 602 adnotant,
1474 543 1628 605 atque
1648 537 1865 589 uberius
1888 543 2104 589 narrant
2121 537 2394 602 Liviusll,

370 622 458 672 30.
495 621 719 687 Dionys.
757 621 1030 674 Halicarn.
1065 623 1159 685 vl,
1191 622 1417 673 39-41.
1455 622 1541 671 44.
1639 631 1648 635 ’

513 706 740 757 Primus
775 721 931 772 quam
963 705 1136 759 ullum
1171 716 1274 758 etc.
1345 706 1661 758 Marcelline
1687 706 2132 771 praepositionem
2152 712 2279 761 onte
2299 722 2395 760 co-

372 793 594 857 gitando
628 793 971 857 supplendum
1011 791 1330 857 arbitratur,
1383 797 1439 842 ut
1472 792 1608 845 liaeo
1646 792 1728 843 sit
1753 792 1859 843 loci
1893 793 2191 843 sententia:
2225 792 2396 843 Vale-

370 878 507 928 rium
561 876 783 926 omnium
831 878 1054 941 primum
1089 876 1397 929 dictatorem
1433 878 1607 928 fuisse
1645 881 1699 928 et
1732 876 1934 943 quidem
1968 880 2087 928 ante
2122 891 2270 943 quam
2305 877 2394 927 ul-

371 964 477 1015 lum
515 963 676 1013 alium
711 962 1080 1025 magistratum
1115 963 1405 1025 ‘essisset-
1453 963 1560 1014 Sed
1598 976 1806 1025 vereor,
1842 965 1901 1011 ut
1932 961 2086 1012 locus
2123 961 2396 1012 Ciceronis

371 1062 516 1114 quem
573 1046 747 1096 adfert
795 1048 902 1106 (De
959 1047 1108 1098 Orat.
1159 1044 1230 1102 11.
1277 1048 1330 1097 3.
1367 1047 1592 1098 Postero
1629 1047 1714 1097 die
1750 1061 1901 1113 quam
1939 1046 2034 1095 illa
2068 1049 2214 1097 erant
2245 1043 2394 1109 acta)

373 1133 439 1183 ad
477 1133 908 1197 comprobandam
944 1132 1199 1183 eiusmodi
1227 1132 1565 1182 omissionem
1591 1130 2035 1196 praepositionum
2058 1139 2180 1182 ants
2200 1135 2399 1195 etpost

274 1276 281 1277 ἶ
384 1218 635 1268 sufficiat.
720 1218 923 1269 Orellio
970 1216 1372 1268 aberratio.vel
1421 1216 1854 1269 trent-scribentis
1900 1216 2036 1268 hunc
2068 1215 2274 1265 titulum
2310 1215 2396 1265 vel

370 1303 702 1353 marmorarii
737 1302 909 1366 ipsius
948 1302 1175 1353 subesse
1214 1301 1424 1351 videtur
1459 1306 1614 1364 atque
1651 1302 2025 1351 emendandum
2060 1315 2185 1350 esse
2221 1300 2395 1352 Prius

371 1401 528 1452 quam
565 1403 657 1452 pro
694 1386 922 1437 Primus
961 1402 1130 1452 quam.
1201 1387 1316 1437 Non
1361 1386 1537 1452 liquet.
1611 1387 1724 1436 Hoc
1762 1386 1901 1435 satis
1941 1387 2255 1449 compertum
2291 1385 2395 1435 ha-

371 1470 577 1531 bemus,
615 1471 807 1520 famam
844 1471 908 1520 de
947 1472 1111 1535 primo
1153 1472 1410 1523 dictatore
1447 1471 1554 1522 sibi
1591 1486 1689 1520 non
1721 1470 2061 1533 constitissef,
2102 1470 2166 1519 ab
2188 1469 2395 1533 alteriS,

370 1569 501 1620 quos
545 1554 735 1604 Livius
772 1555 1033 1621 sequitur,
1091 1557 1153 1608 Τ.
1192 1555 1374 1606 Lartio
1409 1555 1545 1606 hunc
1582 1557 1832 1606 honorem
1870 1555 2204 1619 assignatum
2243 1569 2391 1618 esse,

370 1640 435 1689 ab
471 1640 656 1689 alteris
691 1639 867 1689 Manio
903 1641 1139 1692 Valerio.
1219 1641 1423 1691 Livius
1460 1641 1592 1692 enim
1632 1637 1731 1703 (ΙΙ,
1771 1638 1866 1705 18)
1920 1639 2064 1704 „Nec
2101 1639 2255 1706 quis,
2305 1639 2393 1690 in-

369 1724 492 1790 quit,
529 1725 743 1788 primum
779 1724 1020 1775 Dictator
1055 1730 1264 1777 creatus
1303 1726 1394 1788 sit,
1432 1726 1565 1776 satis
1604 1730 1812 1777 constat
1889 1726 2036 1789 Apud
2074 1723 2391 1774 veterrimos

373 1813 544 1859 tamen
584 1813 831 1865 auctores
873 1810 934 1860 T.
972 1810 1206 1861 Lartium
1246 1811 1551 1862 dictatorem
1591 1811 1827 1877 primum,
1865 1811 1956 1874 Sp.
1995 1807 2238 1860 Cassium
2276 1824 2394 1858 ma-

375 1894 602 1957 gistrum
640 1894 864 1960 equitum
904 1899 1113 1945 creatos
1151 1895 1379 1946 invenio.
1468 1896 1788 1946 Consulares
1824 1896 2042 1958 legeret
2078 1896 2155 1946 ita
2191 1896 2272 1946 lex
2308 1894 2397 1945 iu·-

370 1978 522 2029 bebat
573 1978 635 2028 de
684 1980 954 2029 Dictatore
1008 1980 1231 2030 creando
1268 1980 1394 2030 lata.
1478 1980 1557 2030 Eo
1594 1980 1766 2043 magis
1804 1980 2052 2042 adducor,
2090 1986 2146 2030 ut
2181 1980 2393 2031 credam

365 2061 640 2125 Lartium,
697 2062 787 2129 qui
822 2063 1117 2112 consularis
1156 2069 1273 2113 erat
1309 2064 1484 2127 potius
1521 2080 1673 2130 quam
1712 2065 1940 2113 Manium
1975 2063 2279 2122 Valerium,
2317 2062 2389 2112 ΙΙ.

365 2148 559 2207 fllium,
596 2147 779 2197 Volesi
814 2153 1048 2212 nepotem
1085 2149 1170 2214 qui
1209 2149 1432 2198 nondum
1471 2150 1656 2199 consul
1694 2149 1889 2208 fuerat,
1923 2148 2302 2198 moderatorem
2340 2150 2393 2197 et

365 2233 675 2296 magistrum
723 2234 1028 2284 consulibus
1084 2236 1418 2299 appositum3
1474 2234 1558 2301 qui
1610 2235 1657 2284 si
1705 2235 1925 2284 maxime
1979 2249 2041 2283 ex
2095 2248 2155 2282 ea
2187 2232 2393 2283 familia

367 2317 476 2380 legi
533 2318 842 2376 dictatorem
896 2318 1122 2381 vellent,
1167 2324 1363 2383 patrem
1401 2319 1560 2368 multo
1600 2321 1771 2382 potius
1806 2320 1879 2369 M.
1918 2320 2187 2370 Valerium
2226 2333 2391 2383 spec-

362 2409 500 2451 tatae
539 2402 750 2451 virtutis
788 2407 841 2451 et
876 2403 1210 2452 consularem
1251 2403 1418 2453 virum
1455 2400 1771 2467 legissent.“
1835 2404 2067 2454 Eandem
2104 2405 2287 2453 famam
2323 2402 2389 2453 de

361 2484 536 2535 Manio
584 2485 797 2540 Valerio
846 2486 1012 2550 primo
1063 2487 1318 2537 dictatore
1369 2488 1522 2538 etiam
1570 2489 1809 2539 servavit
1856 2489 2061 2539 Festus
2097 2504 2143 2539 s,
2181 2502 2230 2537 v,
2270 2487 2386 2553 Op-

366 2571 496 2620 tima
529 2572 626 2621 lex
665 2571 716 2620 in
756 2573 910 2634 Corp-
954 2572 1350 2622 Grammaticor.
1393 2573 1533 2623 latin.
1585 2574 1682 2625 Ed.
1720 2573 2044 2624 Lindemann
2086 2573 2148 2624 ¹1⁸.
2186 2567 2229 2624 l.
2270 2588 2386 2638 pag.

362 2655 485 2705 194.
525 2656 642 2706 coll.
677 2657 824 2706 Tom.
861 2657 933 2709 11.
972 2657 1314 2707 Commentar.
1355 2673 1473 2721 pag.
1509 2660 1629 2708 550.

497 2742 869 2807 Triumphwit
904 2741 969 2791 de
1005 2742 1127 2791 Sub.
1167 2748 1219 2792 et
1252 2743 1467 2792 Medma.
1508 2744 1699 2793 Rerum
1733 2745 2051 2808 scriptores,
2078 2742 2162 2808 qui
2201 2740 2262 2790 de
2289 2740 2386 2791 hoc

362 2826 620 2890 triumpho
679 2842 892 2892 eumque
935 2827 1282 2889 praecedente
1320 2828 1454 2877 bello
1490 2836 1737 2890 narrant,
1784 2828 1973 2878 Livius
2012 2819 2108 2891 (ll,
2140 2829 2228 2877 30.
2264 2823 2385 2887 31.)

363 2916 417 2961 et
465 2911 760 2976 Dionysius
814 2911 985 2961 Halic.
1037 2910 1161 2975 (vl,
1196 2913 1283 2961 42.
1319 2910 1437 2975 43.)
1476 2921 1686 2977 praeter
1724 2913 1949 2964 Sabinos
1986 2913 2387 2963 commemorant

362 2994 573 3060 Aequos
614 2996 944 3059 potissimum
983 2999 1035 3044 et
1070 2991 1334 3060 Volscos3
1370 2998 1664 3063 Dionysius
1695 3003 1864 3047 tamen
1903 2997 2022 3060 (vl,
2043 2996 2141 3059 34)
2180 2996 2384 3045 Medul-

361 3080 500 3130 linos
556 3078 691 3130 bello
754 3089 931 3130 exorto
993 3097 1022 3130 a
1065 3078 1318 3130 Romanis
1375 3082 1679 3132 descivisse
1732 3082 1798 3131 ad
1833 3082 2059 3132 Sabinos
2097 3081 2384 3144 significat.

361 3163 615 3214 Medullia
670 3174 875 3227 autem,
921 3166 1045 3215 urbs
1083 3166 1472 3226 munitissima,
1511 3166 1613 3216 iam
1651 3167 1716 3216 ab
1753 3167 1899 3218 Anco
1935 3166 2129 3217 Martio
2167 3179 2296 3228 rege
2329 3164 2384 3214 in

359 3249 606 3300 ditionem
642 3265 909 3300 romanam
946 3251 1163 3300 redacta
1198 3261 1313 3299 erat
1356 3251 1502 3313 (biv.
1542 3251 1581 3314 Ι,
1617 3250 1753 3315 33).

497 3335 708 3385 Plebem
742 3335 808 3387 de
839 3347 1002 3386 sacro
1036 3342 1211 3385 monte
1246 3343 1345 3386 ele.
1418 3336 1484 3387 Ut
1520 3337 1619 3387 hoc
1656 3336 1775 3386 loco
1812 3336 1886 3386 ita
1921 3336 2079 3387 etiam
2116 3334 2251 3399 apud
2287 3334 2384 3384 Ci-

359 3435 600 3472 ceronem
637 3422 714 3479 (in
753 3422 896 3471 Brut.
926 3436 1042 3488 cap.
1065 3419 1180 3481 14.)
1217 3420 1434 3470 Valerio
1470 3421 1713 3471 dictatori
1749 3421 2030 3485 primariae
2065 3420 2117 3470 in
2153 3418 2255 3470 hac
2288 3434 2384 3469 se-

358 3504 555 3556 ditione
602 3507 835 3557 sedanda
868 3511 1050 3571 partes
1087 3506 1456 3559 attribuuntur.
1545 3506 1732 3556 Cicero
1771 3506 1905 3556 enim
1943 3504 2385 3570 „Vide-iumin-

358 3591 495 3656 quit,
545 3592 730 3655 paucis
779 3592 934 3641 annis
985 3596 1108 3656 post
1159 3604 1321 3653 reges
1374 3598 1591 3640 exactos
1642 3606 1758 3641 cum
1803 3591 1982 3655 plebes
2019 3605 2176 3655 prope
2212 3590 2385 3654 ripam

358 3675 580 3726 Anienis
628 3678 693 3727 ad
744 3676 953 3727 tertium
1005 3673 1307 3725 milliarium
1354 3675 1720 3738 consedisset,
1775 3690 1992 3743 eumque
2041 3680 2262 3726 montem
2298 3675 2386 3740 qul

362 3760 531 3810 Sacer
563 3762 857 3826 appellatus
896 3765 1000 3822 est,
1035 3760 1426 3823 occupavisset,
1454 3759 1807 3811 M.Vslerium
1825 3760 2134 3813 dictatorem
2163 3758 2384 3809 dicendo

359 3845 644 3897 sedavisse
679 3846 1001 3909 discordia,
1037 3844 1187 3911 eique
1226 3844 1289 3895 ob
1327 3859 1442 3894 eam
1479 3859 1588 3895 ren
1624 3845 1854 3899 honores
1891 3845 2251 3911 amplissimos
2280 3843 2384 3900 lia-
