2674 4449
1248 323 1434 389 *62

393 507 543 570 alius
572 504 899 585 aequalium
931 500 1124 566 studio
1156 502 1459 583 inquirens
1489 508 1688 566 tamen
1718 522 1843 566 non
1862 507 2057 568 omnia
2084 491 2396 586 argumen-

392 623 473 683 tis
502 620 895 684 demonstrari
913 639 1095 700 posse
1127 601 1431 683 intellexit.
1480 618 1795 682 Auditores
1817 640 1933 683 non
1955 621 2396 701 philosophiam

395 735 505 798 sed
547 733 953 815 philosophari
999 732 1279 806 docebat;
1342 734 1416 796 ad
1461 735 1835 805 honestatem
1887 753 1996 796 suo
2039 752 2159 797 non
2196 734 2396 798 minus

396 850 670 929 exemplo
715 865 891 929 quam
932 848 1268 927 praeceptis
1309 847 1578 909 instituit.
1671 847 1976 927 Propriam
2021 848 2396 927 popularium

396 980 639 1024 suorum
668 957 931 1022 indolem
961 977 1101 1038 prae
1136 977 1200 1020 se
1231 958 1458 1029 ferens,
1498 955 1616 1019 fide
1649 955 2018 1040 ergategem
2049 978 2220 1023 suum
2252 979 2398 1022 con-

395 1076 668 1156 spicuus3
731 1091 926 1153 neque
973 1080 1167 1135 tamen
1219 1072 1503 1135 Friderici
1554 1072 1833 1135 Guilelmi
1876 1075 2092 1146 iussu„
2127 1092 2280 1154 quae
2330 1092 2400 1136 ex

396 1190 574 1252 animi
614 1190 905 1251 sententia
934 1195 994 1250 et
1025 1186 1324 1250 doctrinae
1376 1205 1517 1250 suae
1561 1187 1817 1251 decretis
1859 1175 2164 1261 statuerat,
2211 1197 2279 1252 ut
2309 1210 2397 1252 re-

400 1302 896 1371 vocaretadduci
950 1304 1158 1383 potuit.
1263 1300 1350 1364 Ab
1401 1303 1560 1364 omni
1616 1303 1977 1366 voluminum
2029 1301 2399 1366 edendorum

397 1418 716 1481 ambitione
749 1417 974 1481 alienus
1007 1417 1081 1480 ad
1115 1416 1494 1480 scribendum
1538 1435 1675 1481 sero
1708 1423 1765 1480 et
1807 1418 2012 1480 amicis
2052 1417 2389 1482 suasoribus
2501 1449 2506 1452 ·

398 1551 467 1596 se
513 1532 788 1604 contulit,
849 1550 991 1595 vere
1029 1532 1420 1612 philosophus
1468 1534 1523 1594 si
1562 1532 1694 1612 quis
1738 1532 1904 1595 alius.
1995 1531 2397 1614 Philosophae

342 1670 349 1686 ·
398 1653 598 1735 sectae
626 1654 829 1710 auctor
861 1646 1096 1717 exstitit,
1132 1663 1281 1726 quae
1310 1653 1377 1708 ut
1408 1646 1650 1709 aliarum
1672 1652 1965 1709 sectarum
1989 1647 2401 1710 auctoritatem

399 1761 682 1824 subvertit
700 1759 780 1822 ita
798 1759 1054 1822 invicem
1074 1766 1133 1822 et
1151 1760 1282 1839 ipsa
1313 1778 1346 1822 a
1376 1759 1869 1838 subsequentibus
1904 1762 2083 1822 sectis
2116 1761 2401 1823 subversa

399 1880 523 1946 est,
558 1871 707 1936 dum·
727 1871 1037 1935 innumera
1068 1869 1353 1950 deinceps
1383 1869 1874 1952 philosophorum
1902 1881 2234 1936 commenta
2264 1892 2400 1935 suc-

399 1996 696 2059 crescunt.
788 1984 912 2049 Iam
939 1988 1113 2068 igitur
1140 2005 1246 2066 per
1277 1994 1366 2049 tot
1399 1987 1636 2052 saecula
1663 1994 1784 2049 tam
1814 1987 1980 2050 multi
2008 2006 2203 2051 rerum
2235 1989 2400 2051 inda-
2463 1962 2471 1979 l

399 2108 634 2182 gatores
668 2103 826 2163 circa
857 2100 1220 2163 voluminum
1253 2084 1477 2162 molem
1518 2100 1879 2180 trepidantes
1910 2103 2213 2163 veritatem
2257 2099 2400 2164 dum

399 2216 570 2277 anxie
619 2220 927 2293 quaerunt,
980 2205 1132 2275 ⁴eum
1175 2215 1371 2291 ipsum
1406 2211 1625 2275 librum
1669 2216 1770 2293 qui
1798 2215 2104 2277 veritatem
2135 2216 2397 2277 omnium

401 2335 535 2391 ante
568 2328 774 2391 oculos
810 2328 1109 2409 expositus
1143 2330 1437 2400 continet,
1480 2329 1766 2391 incuriosi
1796 2336 2182 2408 praetereunt.
2367 2309 2376 2310 ἶ

922 2657 1429 2722 Friuerieus
1476 2658 1876 2731 schillem

1288 2778 1509 2837 Poeta.
1567 2791 1574 2796 ·
1834 2800 1840 2808 ·

579 2911 898 2973 Schillerus
929 2911 1069 2974 dum
1091 2912 1543 2995 Ludoviciburgi
1572 2916 1632 2976 in
1663 2914 2167 2993 praestantissima
2200 2912 2406 2987 schola

408 3022 678 3085 Carolina
709 3022 1032 3102 discipulus
1066 3021 1242 3103 degit,
1281 3032 1506 3088 mature
1536 3019 1754 3105 ingenii
1784 3016 2114 3105 ingniculos
2147 3028 2407 3087 emicare

405 3134 622 3208 sensit,
656 3141 718 3197 ut
748 3137 866 3197 iam
895 3141 1022 3197 tum
1051 3135 1419 3217 tragoediam
1450 3135 1854 3200 meditaretur.
1922 3138 2206 3218 chirurgo
2235 3143 2405 3217 patre

341 3293 344 3298 ·
405 3252 669 3330 genitus,
717 3268 752 3313 a
779 3251 946 3314 Duce
976 3252 1467 3333 wirtembergico
1488 3300 1509 3333 ,
1557 3253 1828 3333 principe
1856 3272 2000 3333 suo,
2062 3252 2276 3315 medici
2309 3272 2406 3316 ca-

404 3364 653 3425 strensis
696 3380 913 3425 munus
959 3363 1226 3426 obtinuit.
1321 3367 1568 3436 Votum,
1622 3367 1834 3444 quoin
1866 3364 2037 3426 binos
2067 3383 2251 3427 annos
2292 3365 2406 3426 sibi

406 3491 440 3535 a
467 3474 742 3553 poeticae
773 3477 915 3536 artis
947 3475 1156 3538 studiis
1187 3475 1582 3548 interdixerat,
1615 3455 1893 3556 religiose
1928 3477 2213 3551 servavit3
2243 3482 2407 3555 post-

408 3604 582 3666 quam
630 3587 838 3661 solvit,
892 3590 1120 3669 integro
1153 3606 1348 3668 eoque
1382 3589 1591 3650 maiori
1622 3590 1833 3653 ardore
1863 3591 1937 3653 ad
1963 3594 2173 3671 poesin
2201 3589 2402 3653 rediit.

404 3699 519 3762 Per
549 3698 772 3781 aliquot
803 3719 986 3765 annos
1006 3701 1327 3767 Manhemii
1359 3710 1637 3777 moratuS,
1658 3705 1997 3767 Wimariam
2029 3723 2097 3767 se
2129 3706 2407 3778 contulit;

406 3814 772 3895 eodemque,
808 3835 990 3897 quum
1021 3820 1098 3880 ob
1130 3818 1528 3882 valetudinem
1559 3818 1832 3883 affectam
1862 3798 2143 3884 historiae
2175 3822 2407 3900 profes-

405 3934 642 4006 sionem
670 3931 735 3993 in
769 3930 1011 3994 Jenensi
1040 3934 1419 4018 universitate
1452 3933 1816 4006 abdicasset,
1867 3935 2184 4008 habitatum
2209 3929 2405 3998 rediit.

407 4042 636 4126 Rapido
664 4048 912 4110 torrenti
939 4046 1301 4113 Schillerum
1325 4065 1633 4132 compares
1648 4093 1673 4123 ,.
1717 4048 1817 4129 qui
1864 4048 2101 4114 obicum
2147 4048 2403 4113 claustro
