2674 4449
1368 292 1457 364 60

417 484 670 552 fructus,
702 477 954 542 ediderit
984 480 1045 540 in
1076 479 1189 541 hac
1218 497 1417 542 rerum
1448 497 1482 541 a
1513 496 1580 540 se
1611 477 1969 560 agendarum
1999 478 2201 560 copia,
2242 499 2408 544 acce·

419 596 596 658 dente
646 590 1028 673 epistolarum
1080 592 1439 653 commercio
1504 589 1829 669 latissimo,
1907 588 2405 671 frequentissimo.

417 706 826 769 Panhistorem
864 702 1222 765 Leibnitium
1264 702 1511 775 dixeris,
1542 702 1637 765 cui
1671 721 1704 765 e
1738 702 2408 780 recentioribuenemo,

415 839 485 882 ex
516 816 767 897 antiquis
799 832 948 877 unus
981 813 1205 876 Plinius
1236 819 1629 893 comparetur.
1723 812 1913 887 Quam
1943 812 2274 903 studiorum
2301 817 2409 879 im-

415 931 792 995 mensitatem
820 928 1200 1009 adstupescas
1231 929 1391 1000 licet,
1422 929 1638 990 sectari
1663 945 1738 989 ne
1769 927 2034 991 coneris:
2065 935 2223 991 tanta
2250 931 2409 994 enim

412 1045 635 1129 ingenii
665 1043 960 1124 capacitas
993 1061 1230 1106 omnem
1263 1041 1702 1124 disciplinarum
1723 1043 1930 1105 orbem
1959 1045 2410 1125 complectentis

314 1141 323 1149 ⁶
412 1163 780 1227 rarissimum
812 1168 907 1224 est
934 1167 1174 1224 naturae
1204 1160 1580 1224 beneficium.
1634 1160 1894 1224 Publicis
1924 1161 2269 1225 muneribus
2298 1165 2410 1244 pri-

414 1293 573 1338 mum
590 1274 700 1336 sub
712 1274 933 1337 Joanne
949 1272 1220 1355 Philippo
1235 1273 1309 1336 de
1327 1271 1734 1344 Schoenborn,
1758 1273 2033 1337 Electore
2046 1270 2407 1355 Moguntino,

411 1391 535 1452 viro
567 1388 716 1450 celsi
746 1387 951 1460 animi,
986 1386 1201 1451 deinde
1228 1385 1576 1450 Hanoverae
1604 1386 1872 1458 functus,
1904 1388 2401 1466 peregrinationes

411 1503 780 1573 Berolinum,
813 1504 1128 1574 Viennam,
1177 1521 1287 1583 per
1318 1501 1537 1565 Gallias
1570 1503 1861 1582 suscepit,
1912 1519 1947 1564 a
1976 1503 2226 1564 summis
2254 1503 2402 1573 inter

412 1620 693 1701 aequales
726 1637 868 1683 suos
899 1620 1040 1682 viris
1060 1665 1077 1692 ,
1131 1620 1399 1682 omnium
1428 1619 1780 1699 religionum
1815 1618 2272 1681 assectatoribus
2301 1635 2412 1696 per

412 1734 606 1812 magni
636 1731 886 1794 habitus.
937 1731 1031 1793 Oh
1064 1732 1275 1793 merita
1305 1729 1597 1793 nobilium
1622 1730 1813 1792 ordini
1839 1730 2171 1811 adscriptus
2203 1747 2411 1793 aevum

413 1856 651 1914 strenua
691 1866 873 1930 opera
916 1854 974 1912 et
1015 1835 1324 1912 sedulitate
1365 1854 1559 1911 actum
1599 1847 1952 1911 coniunctim
1999 1850 2057 1911 in
2096 1865 2409 1927 procerum

412 1954 873 2031 consuetudine,
904 1963 965 2024 in
996 1961 1243 2025 seducto
1273 1962 1577 2025 literarum
1607 1958 1805 2024 studio
1823 2006 1839 2032 ,
1871 1959 2125 2041 publicis
2154 1963 2412 2033 muneri·

410 2075 520 2137 bus
568 2073 856 2137 obeundis
907 2080 966 2137 et
1008 2077 1221 2155 spissis
1269 2074 1668 2139 voluminibus
1733 2074 1907 2137 docte
1957 2050 2411 2139 conscribendis

410 2186 711 2264 transegit.
803 2185 1066 2266 Tempus
1112 2184 1185 2248 ad
1225 2186 1376 2248 haec
1408 2187 1606 2250 omnia
1639 2184 1939 2251 sufficiens
1969 2187 2221 2258 invenit,
2271 2187 2415 2267 quia

414 2298 731 2379 quaesivit,
792 2317 906 2361 nec
957 2298 1140 2362 ullum
1188 2300 1476 2378 temporis
1533 2305 1898 2363 momentum
1947 2301 2060 2363 sibi
2105 2301 2407 2363 incassum

414 2411 568 2474 elabi
606 2429 819 2491 passus
866 2417 976 2474 est.
1069 2395 1565 2490 Philosophorum
1609 2421 1947 2478 commenta
1981 2415 2109 2477 dies
2150 2414 2411 2477 ostendit

415 2534 474 2587 et
509 2543 711 2587 rursus
745 2523 942 2598 delet3
976 2524 1255 2587 Leibnitii
1285 2524 1473 2603 gloria
1500 2531 1858 2591 inconcussa
1887 2529 2243 2608 perdurabit.

1016 2831 1289 2896 Maria
1347 2809 1805 2903 Tha-esim

980 3025 985 3028 ἤ
1048 2950 1445 3023 Imperatrz'oe
1492 2951 1760 3025 Reyina.

589 3088 800 3150 Carolo
850 3086 943 3151 Vl.
994 3086 1383 3168 Imperatore,
1458 3092 1661 3154 ultima
1709 3090 2147 3170 Habsburgicae
2207 3089 2411 3169 stirpis

413 3201 650 3273 sobole,
710 3209 943 3265 mortuo
973 3202 1287 3276 BorussuS,
1321 3203 1540 3277 Gallus,
1571 3204 1889 3285 Hispanus,
1918 3205 2202 3278 BavaruS‚
2254 3202 2412 3263 Saxo

411 3312 657 3376 Mariam
697 3313 1045 3377 Therasiam
1090 3315 1273 3379 filiam
1318 3314 1493 3379 simul
1538 3318 1809 3379 invasere
1851 3316 2123 3378 invenem
2153 3316 2413 3395 imperio

414 3428 784 3510 capessendo
818 3429 1169 3492 destinatam
1201 3430 1310 3492 sed
1342 3451 1460 3518 non
1502 3431 1812 3496 educatam
1844 3438 1904 3495 et
1932 3449 2128 3494 rerum
2167 3450 2278 3494 usu
2310 3431 2416 3492 ad-

412 3544 528 3604 huc
570 3547 888 3621 expertem.
979 3541 1308 3605 Destitutae
1336 3543 1474 3604 forti
1506 3547 1794 3615 exercitu,
1845 3544 2004 3607 bono
2049 3543 2190 3604 belli
2239 3543 2414 3613 duce,

401 3654 570 3714 'bono
603 3656 662 3714 in
692 3671 757 3714 re
790 3652 1026 3733 publica
1057 3652 1517 3718 administranda
1547 3656 1849 3728 ministro,
1912 3657 2124 3738 opibus
2157 3656 2415 3737 publicis

415 3767 635 3828 carenti
668 3785 874 3828 omnes
909 3768 963 3829 ei
993 3767 1324 3848 defuerunt,
1357 3769 1470 3831 sibi
1502 3755 1633 3849 ipsa
1662 3791 1780 3833 non
1814 3772 2029 3845 defuit3
2060 3790 2176 3851 quo
2192 3770 2417 3832 factum

415 3884 508 3940 est
538 3884 601 3939 ut
631 3894 743 3938 nec
775 3878 869 3939 alii
904 3885 1192 3959 perpetuo
1227 3880 1284 3941 ei
1315 3879 1612 3943 deessent.
1705 3883 1954 3946 Silesiae
1987 3882 2288 3962 impendio
2316 3899 2413 3942 re-

418 3992 642 4071 liquum
673 3990 1044 4057 Austriacum
1074 4007 1316 4075 regnum
1360 3996 1628 4059 redemit.
1718 3997 1935 4078 Magno
1978 3996 2230 4058 Tusciae
2261 3995 2413 4057 Duci
