2674 4449
1298 242 1546 368 *az--

399 472 640 540 umphuni
673 477 1053 542 reportassent,
1091 479 1349 530 auctorem
1380 478 1554 531 fuisse
1588 478 1785 542 narrat,
1821 479 1878 528 ut
1907 474 2157 544 operibus
2173 480 2395 548 publicis

401 575 575 613 rerum
624 578 657 613 a
704 577 765 614 se
799 568 1068 629 gestarum
1102 564 1396 616 memoriam
1434 571 1724 617 servarent.
1809 565 2176 632 schoepflinus
2214 575 2399 622 eontra

399 647 534 700 hanc
578 649 758 701 sedem
804 650 1022 703 Saturni
1071 658 1193 718 post
1226 652 1537 719 triumphum
1573 652 1795 704 alterum
1832 652 1894 704 de
1929 654 2115 706 Raetis
2150 661 2395 722 reporta-

398 741 506 787 tum
539 742 851 789 exstructam
887 740 1052 803 putat,
1088 739 1368 808 eodemque
1405 740 1568 791 rei’ert
1602 739 1992 806 inscriptionem
2025 743 2079 792 in
2109 757 2396 795 marmorea

398 823 542 874 trabe
576 824 771 876 Romae
805 829 1090 890 repertam,
1144 841 1177 875 a
1207 825 1395 890 Pighio
1432 825 1485 876 in
1520 825 1723 878 Analib.
1761 843 1882 893 pag.
1906 829 2027 878 481.
2066 829 2132 879 ad
2165 847 2245 882 an.
2272 832 2391 882 711.

399 909 625 976 editam,
664 926 790 981 quae
825 911 897 962 ita
930 911 1116 963 habet:
1169 911 1264 978 „L.
1301 912 1525 967 Plancus
1562 913 1623 964 L.
1661 912 1722 963 F.
1759 913 1881 965 Cos.
1919 914 2043 980 Imp.
2082 915 2267 967 iterum
2280 952 2296 982 ,
2333 917 2395 968 de

398 992 620 1050 manib.“
684 997 882 1049 Eadem
930 998 1202 1065 inscriptio
1251 999 1446 1051 Romae
1500 999 1550 1050 in
1604 999 1796 1052 lamina
1848 1016 1972 1055 aere
2007 1003 2139 1068 apud
2173 1000 2395 1070 Caylum

399 1081 646 1149 (Recueil
684 1086 745 1138 T.
779 1086 874 1152 111,
907 1100 955 1152 p.
989 1083 1141 1150 251.)
1190 1086 1410 1154 reperiri
1447 1087 1670 1153 dicitur3
1736 1104 1883 1158 quam
1918 1093 1971 1141 et
2004 1090 2162 1143 orell.
2199 1091 2397 1157 recepit

399 1171 618 1224 Collect.
651 1189 701 1224 n.
735 1174 855 1225 591.
1305 1193 1329 1221 γ

533 1259 712 1327 Ayros
749 1260 853 1313 div.
888 1260 1198 1314 Beneventi.
1234 1263 1370 1314 Puta
1402 1261 1686 1315 veteranis.
1723 1262 1801 1313 De
1838 1264 2017 1316 eadem
2049 1278 2130 1328 re,
2167 1269 2223 1316 ut
2239 1264 2394 1318 vide-

398 1349 510 1412 tur,
564 1346 751 1398 Cicero
800 1345 986 1399 scribit
1038 1348 1105 1399 ad
1139 1349 1425 1401 Munatium
1459 1349 1705 1401 Plancum
1739 1350 1869 1416 Epp.
1904 1352 2024 1401 fam.
2061 1351 2127 1417 X,
2163 1354 2250 1404 22.
2289 1358 2392 1406 tum
2441 1346 2450 1347 7

396 1433 645 1499 temporis
693 1439 866 1486 tamen
912 1435 1133 1487 nondum
1182 1436 1247 1488 ad
1284 1436 1468 1487 exitum
1502 1436 1781 1502 perducta3
1833 1451 1930 1489 nec
1965 1436 2133 1489 minus
2168 1439 2392 1492 Plancus

399 1521 465 1572 ad
500 1521 803 1574 Ciceronem
844 1521 1000 1586 (ibid.
1038 1522 1106 1588 X,
1143 1520 1279 1587 24.).
1312 1522 1506 1574 Neutro
1543 1529 1708 1575 autem
1742 1524 1858 1574 loco
1893 1523 2172 1576 Beneventi
2202 1526 2392 1579 mentio

397 1610 472 1660 fit.
543 1608 851 1661 Morcellius
904 1609 971 1660 ad
1017 1608 1070 1660 h.
1117 1609 1152 1661 1.
1203 1609 1388 1660 laudat
1432 1607 1597 1660 Vitam
1632 1610 1694 1662 -in
1741 1609 2069 1678 Antiquitatt.
2114 1612 2393 1664 Benevent-

398 1695 543 1748 Tom.
577 1696 623 1763 Ι,
657 1713 706 1763 p.
742 1698 827 1747 35.
865 1696 950 1764 qui
987 1695 1185 1764 quidem
1222 1697 1434 1749 uberius
1470 1696 1532 1746 de
1567 1697 1666 1749 hac
1700 1712 1758 1748 re
1793 1713 1957 1762 agens
1991 1698 2125 1751 hanc
2150 1713 2393 1764 agrorum

396 1782 703 1835 divisionem
756 1783 810 1835 in
865 1787 1231 1835 veteranorum
1283 1783 1509 1849 gratiam
1564 1783 1705 1835 sulio
1758 1784 1992 1836 Caesare
2041 1790 2251 1838 auctore
2294 1800 2393 1852 per

394 1870 643 1922 Plancum
684 1870 879 1923 factam
929 1885 1054 1922 esse
1108 1870 1392 1923 arbitratur
1436 1874 1556 1921 ante
1594 1885 1678 1922 an.
1713 1886 1767 1922 u.
1805 1886 1851 1925 c.
1885 1872 1982 1922 ’111
2021 1871 2073 1922 in
2110 1887 2254 1940 quem
2289 1887 2390 1923 an-

396 1971 514 2010 num
547 1957 850 2022 Lugdunum
888 1957 1093 2010 colonia
1126 1957 1344 2010 deducta
1376 1955 1591 2020 incidit3
1627 1955 1844 2023 indeque
1874 1956 2218 2010 Beneventum
2242 1959 2391 2012 colo-

395 2044 516 2095 niae
550 2042 728 2105 ,Iuliae
764 2032 944 2096 n'omen
981 2045 1189 2095 nactum
1224 2059 1369 2096 esse.
1420 2044 1766 2096 Beneventum
1802 2048 1971 2095 autem
2007 2043 2253 2096 coloniam
2287 2060 2391 2096 ve-

394 2133 688 2182 teranorum
724 2129 994 2182 deductam
1033 2146 1156 2182 esse
1194 2137 1314 2181 ante
1352 2130 1606 2181 coloniam
1629 2129 2029 2194 Lugdunensem
2064 2130 2389 2195 potissimum

340 2221 349 2234 ¹
395 2216 515 2269 inde
550 2218 781 2285 colligit,
836 2217 956 2287 quia
997 2216 1280 2270 Beneventi
1318 2215 1731 2267 commemoratio
1767 2214 2006 2282 Lugduni
2043 2221 2095 2269 et
2126 2217 2388 2271 Rauricae

400 2304 936 2357 commemorationem
969 2304 1021 2355 in
1056 2304 1157 2356 hoc
1189 2303 1339 2355 titulo
1373 2303 1684 2369 praecedatt
1737 2317 1856 2353 nam
1889 2318 2061 2356 rerum
2097 2304 2385 2372 scriptores

395 2391 481 2459 qui
515 2392 718 2462 quidem
754 2396 1035 2459 supersunt
1069 2391 1130 2443 de
1167 2397 1450 2456 temporum
1480 2389 1683 2441 ratione
1708 2390 2008 2443 accuratius
2030 2405 2130 2442 nou
2161 2393 2386 2447 tradant.

530 2480 714 2533 Goion.
761 2479 990 2533 deduxit
1038 2478 1209 2546 Luqd.
1240 2483 1293 2529 et
1343 2477 1510 2528 Raur.
1596 2478 1785 2530 Senec.
1834 2478 2006 2543 Epist.
2052 2481 2141 2534 91.
2187 2479 2241 2532 in
2287 2496 2389 2547 qua

394 2566 761 2633 Lugdunensis
799 2566 1037 2618 coloniae
1072 2563 1361 2615 incendium
1399 2562 1657 2629 deplorat:
1715 2564 1882 2626 Huic,
1920 2563 2116 2632 inquit,
2151 2565 2387 2618 coloniae

394 2655 458 2707 ab
496 2654 699 2721 origine
736 2669 836 2704 sua
870 2650 1185 2703 centesimus
1221 2665 1387 2702 annus
1424 2655 1527 2717 est,
1563 2656 1710 2703 aetas
1743 2666 1809 2703 ne
1842 2651 2037 2703 homini
2062 2652 2262 2719 quidem
2292 2668 2385 2703 ex-

390 2748 574 2796 trema.
616 2743 693 2794 ·A
725 2739 917 2791 Planco
955 2737 1173 2789 deducta
1204 2737 1259 2788 in
1294 2737 1429 2789 hanc
1464 2736 1803 2803 frequentiam
1852 2737 1958 2788 loci
1994 2738 2377 2814 oppurtunitate

394 2822 709 2882 convaluit-‘⁴
776 2826 874 2877 Dio
912 2824 1135 2877 Cassius
1173 2824 1389 2890 (XLVI,
1425 2822 1540 2889 50.)
1589 2823 1871 2876 Munatium
1905 2823 2154 2878 Plancum
2188 2832 2240 2877 et
2271 2825 2384 2878 Ae-

394 2917 588 2969 milium
635 2914 884 2980 Lepidum
921 2911 1195 2963 coniuncta
1231 2902 1392 2977 oper‘a
1428 2915 1614 2963 senatu
1650 2915 1863 2964 auctore
1896 2912 2196 2977 Lugdunum
2234 2912 2382 2963 colo-

392 3003 529 3055 niam
581 3001 860 3053 deduxisse
909 3003 1105 3050 narrat.
1162 3025 1223 3034 -
1279 2997 1548 3051 Ratae-icae
1600 3011 1780 3049 nomen
1817 2998 1997 3050 eadem
2028 3000 2195 3051 forma
2226 2999 2383 3051 habet

392 3090 550 3142 etiam
603 3087 874 3154 inscriptio
923 3100 1083 3152 prope
1132 3085 1400 3137 Basileam
1445 3084 1652 3135 inventa
1701 3085 1831 3150 apud
1878 3085 2125 3138 Orellium
2158 3084 2222 3139 N.
2258 3085 2380 3136 432.

390 3177 539 3244 Apud
584 3174 804 3227 Plinium
847 3171 984 3225 nist.
1027 3178 1134 3224 nat.
1168 3171 1258 3237 lv,
1293 3172 1377 3222 12.
1430 3175 1515 3221 est
1558 3170 1849 3223 Ram-icum
1894 3172 2029 3239 apud
2061 3171 2383 3223 Ammianum

390 3261 626 3316 Marcell.
661 3263 751 3327 IV,
799 3262 883 3312 10.
933 3261 1242 3312 Rauracum
1253 3278 1275 3323 ‚-
1351 3258 1484 3323 apud
1526 3258 1873 3311 Ptolemaeum
1910 3259 2109 3311 demum
2143 3259 2382 3326 Augusta

390 3351 762 3403 Rauracorum
798 3347 1103 3415 appellatur.
1136 3344 1421 3397 Rauricam
1441 3343 1689 3397 coloniam
1712 3346 1884 3397 fuisse
1905 3361 2116 3413 eamque
2137 3362 2167 3397 a
2187 3346 2381 3398 Planco

392 3436 661 3489 deductam
708 3434 917 3486 nonnisi
965 3449 1028 3485 ex
1072 3434 1170 3486 hoc
1225 3431 1399 3496 elogio
1454 3436 1761 3496 compertum
1797 3431 2062 3484 habemus.
2133 3432 2210 3483 De
2245 3447 2379 3483 anno

391 3541 487 3593 quo
522 3524 826 3590 Lugdunum
861 3527 913 3573 et
948 3520 1180 3573 Raurica
1213 3518 1429 3571 deducta
1467 3518 1592 3583 sint,
1629 3518 1721 3569 alii
1757 3519 1912 3571 aliter
1949 3524 2212 3586 statuunt,
2250 3534 2379 3587 quo-

390 3626 502 3663 rum
537 3610 829 3662 sententias
865 3607 1197 3675 persequitur
1232 3604 1601 3671 Schoepf'linus
1637 3605 1671 3657 1.
1707 3605 1741 3656 l.
1766 3621 1883 3672 pag.
1920 3608 2038 3657 156.
2096 3607 2176 3658 Ex
2208 3604 2377 3672 ipsius

389 3697 652 3749 sententia
682 3696 913 3749 Raurica
947 3694 1150 3747 colonia
1183 3692 1375 3758 viginti
1410 3698 1524 3744 octo
1560 3693 1712 3744 anuis
1748 3699 1870 3760 post
1885 3692 2192 3758 Lugdunum
2227 3693 2381 3745 colo-

388 3784 530 3837 niam
571 3775 796 3836 deducta
849 3786 957 3849 est,
1005 3797 1089 3833 an.
1122 3795 1174 3832 u.
1212 3795 1258 3832 c.
1291 3780 1412 3831 ⁷40.
1468 3780 1687 3832 Lentulo
1733 3786 1788 3831 et
1829 3779 2029 3832 Licinio
2064 3780 2379 3845 consulibus,

389 3872 527 3926 bello
565 3875 749 3927 contra
779 3870 975 3924 Raetos
1014 3869 1274 3934 confecto,
1321 3882 1473 3935 quum
1516 3869 1789 3934 Augustus
1823 3866 1987 3921 Dione
2023 3866 2210 3921 Cassio
2241 3869 2380 3920 teste
