2674 4449
1319 263 1404 330 62

913 518 1414 585 Priuer-icus
1459 518 1772 583 unicus
1786 558 1813 589 ,

1099 637 1447 698 Borussiae
1492 654 1637 698 rex.

549 768 899 842 FridericuS,
934 771 1075 833 dure
1107 788 1141 831 a
1168 777 1333 851 patre
1368 753 1647 833 educatus
1676 775 1741 830 ut
1771 766 2084 852 vel⁴rebus¹
2106 766 2182 829 ad
2212 768 2372 829 vitae

377 860 596 949 cultum
625 886 982 948 necessariis
1010 904 1429 966 nonnunquam
1461 891 1710 955 careret,
1743 902 1946 963 parum
1975 881 2176 961 abfuit,
2206 883 2371 961 quin,

378 1000 512 1080 quia
556 1001 683 1062 sine
726 1002 908 1078 patris
949 1003 1247 1080 permissu
1288 1018 1537 1080 peregre
1564 998 1936 1080 profecturus
1978 1003 2171 1068 esset,
2234 1015 2375 1077 sup-

374 1111 552 1192 plicio
579 1111 919 1176 afficeretur.
1013 1115 1223 1177 Paucis
1254 1087 1559 1177 mensibus
1590 1120 1899 1193 antequam
1929 1110 2373 1192 Habsburgicae

377 1224 575 1305 stirpis
605 1244 866 1305 propago
900 1229 1156 1299 exaruit,
1188 1245 1436 1308 regnum
1465 1224 1738 1306 adeptus,
1770 1223 1994 1288 Mariae
2023 1224 2370 1304 Theresiae,

378 1357 412 1400 a
457 1357 569 1419 qua
618 1339 872 1403 Silesiae
916 1348 1143 1421 partem
1185 1349 1463 1421 repetens
1510 1340 1763 1420 superbe
1806 1339 2146 1421 repudiatus
2190 1346 2362 1411 esset,

378 1463 563 1520 totam
591 1457 715 1518 fere
747 1457 1037 1533 Silesiam
1056 1456 1289 1539 eripuit.
1339 1456 1491 1518 Tum
1519 1455 1620 1519 ubi
1648 1456 1917 1535 Europae
1947 1453 2185 1535 plurimi
2209 1455 2374 1533 iique,

377 1570 774 1650 potentissimi
820 1588 989 1650 reges
1032 1571 1094 1631 in
1135 1570 1266 1633 eius
1298 1570 1602 1632 interitum
1638 1570 2050 1637 coniuravere,
2112 1566 2373 1647 prudens

272 1718 277 1719 ff
379 1702 500 1744 non
543 1685 736 1746 minus
784 1700 960 1763 quam
1004 1684 1184 1745 audax
1223 1666 1427 1743 hostes
1467 1681 1728 1744 nondum
1756 1687 1992 1760 paratos
2023 1681 2180 1743 bello
2211 1688 2377 1743 ante-

378 1796 589 1873 vertit,
652 1795 712 1857 in
762 1813 900 1875 quo»
925 1793 1165 1875 quidem
1209 1794 1365 1857 haud
1408 1791 1598 1855 semel
1655 1795 1998 1879 interiturus¹
2047 1791 2374 1856 videbatur.

380 1908 689 1989 Nunquam
719 1907 906 1969 maior
921 1910 1097 1988 quam
1124 1909 1183 1968 in
1215 1906 1391 1968 rebus
1412 1903 1682 1969 adversis
1708 1909 1886 1969 virtus
1921 1908 2047 1968 eius
2079 1908 2386 1987 apparuit;¹

381 2039 457 2081 ne
496 2038 614 2082 uno
658 2019 899 2101 quidem
946 2039 1099 2101 pago
1147 2020 1367 2085 amisso
1399 2019 1624 2084 bellum
1667 2019 2013 2101 septennale
2058 2021 2408 2099 superavit..

382 2115 726 2213 Imperatori
754 2134 1020 2214 Josepho
1052 2132 1129 2195 11.
1176 2133 1528 2197 dominandi,
1561 2134 1776 2215 cupido
1806 2132 2043 2201 obicem
2083 2135 2379 2214 opposuit,

382 2268 578 2330 neque
607 2256 803 2312 tamen
834 2248 971 2312 ideo
1002 2249 1335 2330 religiosius
1368 2247 1549 2311 fidem
1579 2267 1718 2330 erga
1754 2249 2157 2323 Germaniam,
2219 2270 2377 2314 com-

384 2381 626 2425 munem
685 2366 962 2444 patriam,
1024 2365 1302 2435 servavit,
1360 2379 1510 2443 quae
1561 2362 1800 2425 omnino
1840 2368 1982 2426 tunc
2026 2361 2181 2426 nulla
2238 2370 2376 2431 erat.

387 2480 544 2542 Suos
574 2477 808 2542 Austria
837 2479 1035 2544 habuit
1079 2486 1442 2551 sectator-ee,
1502 2478 1785 2542 Borussia
1824 2496 1999 2550 suos3
2050 2479 2381 2543 eommunis

386 2593 572 2672 patria
616 2591 828 2653 nullos.
921 2589 1202 2653 Poloniae
1234 2590 1665 2671 discerpendae
1697 2592 2013 2655 eonsilium
2044 2593 2115 2655 ab
2149 2611 2221 2655 eo
2251 2613 2386 2674 pro-

386 2703 609 2766 fectum
641 2709 760 2776 est,
818 2702 1099 2767 iniustum
1127 2704 1275 2767 illud
1305 2704 1545 2784 quidem
1575 2721 1769 2785 neque
1800 2723 2118 2786 regnorum
2146 2708 2384 2769 rationi-

386 2818 496 2879 bus
538 2820 922 2882 eonvenienS.
1013 2818 1126 2881 Pro
1158 2817 1379 2899 populo
1413 2835 1620 2881 omnes
1652 2820 1747 2894 rei
1783 2818 2055 2900 publicae
2084 2826 2314 2900 partes,
2352 2839 2388 2883 a

390 2934 610 3013 populo
643 2933 861 2996 nullam
889 2934 1183 3013 gerendas
1214 2952 1353 2997 esse
1386 2934 1702 2998 dictitabat.
1773 2934 1937 3026 Idem
1970 2934 2197 2999 divinae
2228 2935 2387 2998 illius

388 3049 552 3109 vocis
572 3049 902 3120 immemor,
935 3065 1083 3127 quae
1097 3048 1415 3111 humanum
1444 3065 1629 3129 genus
1650 3063 1770 3110 non
1798 3066 1951 3128 pane
1980 3049 2175 3113 solum
2188 3051 2389 3113 vivere

390 3179 502 3223 nos
546 3167 777 3232 monet,
836 3159 1186 3241 generosius
1219 3161 1551 3223 animorum
1591 3161 1868 3241 pabulum
1900 3158 2049 3224 adeo
2081 3163 2388 3244 ignoravit,

390 3280 454 3335 ut
482 3273 833 3353 religionum
870 3259 1201 3336 contemtor
1244 3274 1540 3336 existeret.
1634 3273 1807 3348 Quod
1839 3274 2055 3337 malum
2083 3273 2186 3337 ubi
2215 3273 2386 3338 latius

394 3388 640 3466 serpsit,
687 3404 824 3447 sero
856 3384 1053 3448 labem
1079 3386 1449 3468 ingruentem
1480 3385 1982 3449 animadvertens:
2035 3386 2385 3461 „Victoriae,

391 3501 595 3579 inquit,
626 3498 983 3562 Leuthensis
1017 3500 1215 3581 (quam
1234 3501 1471 3582 plurimi
1488 3498 1652 3582 fecit)
1672 3501 1973 3582 impendio
2004 3500 2153 3565 tales
2184 3500 2388 3583 populi

394 3630 612 3684 mores,
646 3612 851 3691 quales
884 3613 991 3674 sub
1024 3619 1191 3692 patre
1218 3630 1359 3693 rege
1391 3620 1574 3685 erant,
1605 3615 1656 3675 si
1685 3632 1945 3693 possem,
1976 3614 2387 3677 redimerem.“

396 3722 582 3787 Multa
629 3724 755 3786 eius
815 3725 1162 3788 documenta
1205 3726 1579 3789 humanitatis
1629 3733 1881 3798 exstant,
1961 3734 2166 3789 contra
2212 3745 2388 3806 quam

397 3835 693 3901 Voltarius
724 3835 1026 3912 iudicavit3
1060 3840 1159 3919 qui
1191 3856 1371 3918 quum
1401 3837 1711 3917 aliquando
1743 3840 1803 3900 in
1836 3856 2103 3901 mensam
2132 3857 2387 3901 marmo-

399 3971 564 4016 ream
612 3954 927 4019 reclinatus
983 3954 1332 4026 adstitisset,
1406 3972 1610 4035 regem
1660 3972 1782 4015 non
1828 3953 2166 4017 absimilem
2212 3954 2384 4017 huius
