2674 4449
1332 277 1421 345 20

380 476 416 512 a
449 454 685 526 patribus
722 454 1034 524 sequendum
1069 452 1268 522 aiebat,
1304 458 1365 508 ut
1397 454 1482 524 qui
1515 452 1711 521 primus
1750 465 1939 506 censor
1972 466 2034 503 ex
2067 448 2137 502 iis
2173 450 2261 521 qui
2281 450 2370 502 vi-

376 548 563 598 verent
593 544 823 609 fuisset,
858 557 972 594 eum
1005 542 1288 609 principem
1321 543 1587 608 legerent:
1633 540 1681 594 is
1714 540 1776 592 Τ.
1813 538 2041 592 Manlius
2077 539 2371 607 Torquatus

379 638 512 687 erat.
583 630 951 699 Sempronius,
990 630 1073 681 cui
1108 629 1193 683 Dii
1230 634 1426 681 sortem
1460 628 1669 696 legendi
1706 627 1994 693 dedissent,
2031 625 2080 678 ei
2114 625 2199 678 ius
2234 626 2370 678 libe-

278 706 293 714 *
375 737 494 775 rum
529 719 739 771 eosdem
776 717 991 769 dedisse
1020 719 1196 784 Deos3
1233 732 1294 768 se
1329 716 1383 768 id
1417 731 1513 768 suo
1551 714 1764 768 arbitrio
1789 713 2372 780 facturum,lecturum-

378 823 475 877 que
512 809 572 871 Q.
606 805 822 857 Fabium
855 803 1168 881 Maximum,
1205 819 1353 873 quem
1388 810 1493 856 tum
1528 802 1808 869 principem
1841 801 2105 853 Romanae
2143 799 2370 852 civitatis

374 909 504 947 esse
537 893 624 945 vel
656 892 913 945 Annibale
948 889 1119 944 iudice
1152 891 1389 944 victurus
1426 893 1590 942 esset.
1645 892 1808 954 Quum
1840 889 1928 940 diu
1953 891 2206 940 certatum
2227 890 2376 940 esset

374 982 577 1047 verbis,
612 980 924 1032 concedente
960 979 1172 1044 collega.
1206 978 1375 1030 lectus
1413 995 1447 1029 a
1482 977 1783 1043 Sempronio
1819 978 2061 1044 princeps
2096 975 2150 1026 in
2187 978 2372 1027 senatu

279 1091 291 1103 ·
377 1070 438 1132 Q.
474 1067 673 1120 Fabius
706 1066 963 1120 Maximus
1003 1060 1250 1117 Consul.“
1284 1066 1364 1116 De
1394 1063 1737 1118 locutionibus
1771 1064 1831 1117 in
1864 1070 2062 1117 senatu
2096 1067 2148 1114 et
2178 1063 2237 1115 in
2271 1077 2370 1117 ee-

375 1162 563 1208 namm
597 1157 774 1223 leyen-c
807 1154 872 1205 V.
908 1169 1068 1222 supra
1106 1152 1173 1204 ad
1205 1152 1363 1218 Elog.
1400 1153 1467 1203 Π.

1020 1445 1217 1509 vll.
1269 1447 1361 1509 c.
1394 1445 1747 1510 Marius-

517 1577 845 1644 Magisratus
883 1577 948 1630 ab
984 1593 1044 1629 eo
1080 1578 1256 1645 gesti3
1293 1579 1402 1631 bini
1434 1579 1714 1644 triumphi3
1749 1577 2063 1631 Saturninus
2084 1585 2136 1633 et
2153 1580 2374 1635 Glaucia

376 1684 488 1721 rem
509 1666 764 1734 publicam
797 1664 1062 1716 turbantes
1088 1666 1328 1732 oppressi
1349 1683 1368 1731 3
1405 1667 1566 1718 aedes
1596 1667 1794 1717 Honori
1815 1672 1865 1718 et
1881 1666 2074 1719 Virtuti
2092 1673 2373 1722 exstructa.

381 1754 740 1809 eonferendus
776 1755 863 1803 est
898 1751 1091 1803 similis
1125 1766 1298 1804 rerum
1333 1769 1368 1803 a
1396 1752 1566 1803 Mario
1602 1757 1868 1819 gestarum
1903 1753 2058 1805 index
2091 1756 2226 1820 apud
2257 1756 2373 1812 Au-

375 1842 565 1894 relium
609 1840 874 1893 Victorem
923 1854 1037 1905 cap.
1074 1840 1160 1889 6⁷.
1218 1865 1278 1876 —
1334 1839 1561 1891 Vetusta
1596 1855 1709 1893 cum
1743 1840 1844 1892 hoc
1877 1840 2028 1893 titulo
2063 1842 2244 1894 tabula
2275 1859 2375 1895 non

378 1928 602 1994 amplius
641 1931 827 1977 exstat.
876 1925 983 1977 Sed
1017 1928 1236 1976 servata
1269 1928 1353 1977 est
1387 1924 1660 1991 inscriptio
1694 1924 1926 1992 pluribus
1965 1927 2233 1980 codicibus
2256 1945 2375 1981 ma-

375 2012 665 2080 nuscriptis
702 2010 947 2076 Gregorii
980 2004 1339 2081 Redii,.quam
1377 2027 1405 2062 e
1437 2011 1556 2063 basi
1594 2016 1801 2064 statuae
1837 2013 1892 2065 C.
1923 2014 2081 2067 Marii
2114 2013 2289 2067 Aretii
2318 2015 2373 2066 in

376 2100 606 2154 basilica
655 2098 910 2168 quondam
960 2098 1254 2150 collocatae
1309 2099 1592 2150 desumtam
1646 2113 1772 2150 esse
1823 2098 1977 2150 iidem
2014 2099 2115 2166 ipsi
2164 2100 2374 2153 codices

378 2191 651 2256 testantur.
689 2182 846 2251 (Gori
879 2184 914 2237 l.
946 2183 982 2236 l.
1016 2199 1138 2251 pag.
1173 2180 1327 2248 224.)
1362 2184 1591 2237 Eundem
1626 2185 1826 2238 titulum
1861 2186 2202 2254 Dempsterus
2241 2188 2373 2252 (Pa-

374 2276 614 2343 ralipom.
649 2273 719 2325 ad
750 2272 938 2325 Rosini
969 2272 1144 2340 Antiq.
1181 2286 1380 2324 roman.
1418 2272 1483 2339 V,
1516 2270 1632 2337 36.)
1669 2277 1722 2325 et
1754 2273 2053 2340 (Morcellio
2086 2275 2123 2327 l.
2160 2278 2197 2329 l.
2229 2274 2372 2328 indi-

376 2362 554 2432 cante)
592 2359 805 2413 Gabriel
841 2359 1120 2427 symeonis
1155 2359 1209 2412 in
1243 2360 1488 2428 Epitaph.
1520 2376 1643 2426 pag.
1661 2362 1745 2412 ⁷2.
1780 2360 2013 2416 Arimini
2042 2363 2212 2415 fluisse
2246 2380 2371 2432 per-

374 2450 556 2503 hihent
574 2485 590 2515 ,
642 2461 771 2515 quos
824 2446 1024 2515 quidem
1076 2445 1226 2498 viros
1264 2446 1487 2514 florius,
1541 2464 1690 2517 quum
1725 2448 1778 2500 in
1814 2449 2072 2519 aliquibus
2106 2452 2371 2504 codicibus

374 2543 551 2589 notam
597 2534 688 2585 Ar.
744 2532 1110 2600 invenissent,
1164 2533 1297 2585 male
1346 2534 1718 2600 interpretatos
1754 2535 1982 2589 Arimini
2015 2537 2368 2606 prom-retii,

375 2623 695 2690 suspicatur.
763 2619 1134 2684 Fragmentum
1179 2620 1412 2672 eiusdem
1450 2621 1610 2686 elogii
1645 2623 1842 2675 Romae
1874 2624 2007 2676 vidit
2040 2629 2093 2677 et
2128 2626 2367 2691 descrip-

270 2759 281 2764 -
380 2712 454 2764 sit
501 2707 730 2762 Smetius
759 2707 814 2758 in
851 2706 1067 2758 aedibus
1103 2706 1355 2774 quondam
1388 2707 1656 2773 Pomponii
1690 2709 1843 2760 Laeti
1877 2710 2051 2763 literis
2084 2712 2361 2778 grandibus

376 2806 431 2852 et
464 2796 715 2850 formosis
752 2793 997 2860 incisum,
1031 2794 1164 2863 quod
1197 2796 1425 2845 testatus
1462 2798 1544 2845 est
1578 2794 1734 2846 etiam
1750 2795 2033 2850 Piocardus
2066 2799 2121 2849 in
2155 2797 2364 2850 Collec-

373 2885 514 2937 tione
549 2885 607 2935 B.
641 2898 694 2933 n.
729 2881 814 2940 62.
858 2880 1147 2934 Ediderunt
1181 2880 1437 2945 elogium:
1471 2881 1747 2934 'Gruterus
1783 2881 1836 2933 in
1870 2883 2128 2937 Thesaur.
2163 2901 2210 2952 p.
2245 2884 2364 2936 433.

372 2973 424 3025 3.
462 2972 559 3024 Ed.
596 2970 786 3023 Graev.
820 2991 890 3005 —
926 2967 1131 3020 Gor-im
1166 2967 1433 3033 Inscriptt.
1471 2972 1661 3020 etrusc.
1697 2969 1758 3021 Τ.
1793 2969 1861 3022 11.
1895 2985 1945 3036 p.
1980 2973 2099 3023 248.
2127 2993 2189 3010 -ι-
2216 2971 2373 3025 Mor-

374 3059 568 3112 cellt'us
620 3060 699 3112 D'e
757 3051 864 3108 stil.
915 3054 1152 3121 inscript.
1204 3070 1327 3122 pag.
1362 3056 1481 3107 165.
1535 3056 1632 3108 Ed.
1667 3056 1708 3107 1.
1758 3071 1877 3123 pag.
1912 3058 2032 3110 266.
2068 3057 2166 3112 Ed.
2200 3058 2269 3110 11.
2308 3088 2369 3099 —

375 3145 611 3199 Orelliue
643 3144 698 3197 in
732 3142 950 3196 Collect-
987 3140 1050 3198 N.
1084 3142 1205 3195 543.

550 3331 614 3395 C.
644 3327 866 3393 Marius
900 3328 962 3392 C.
993 3329 1058 3393 F.
1094 3330 1232 3394 CoS.
1267 3328 1390 3396 vn.
1425 3330 1519 3393 Pr.
1559 3330 1657 3392 Tr.
1686 3331 1764 3413 pl.
1800 3331 1871 3407 Q.
1900 3332 2044 3414 Aug.
2084 3334 2183 3397 Tr.
2216 3335 2370 3398 mili-

371 3450 515 3507 tum.
603 3443 777 3507 Extra
830 3450 1057 3506 sortem
1098 3443 1322 3508 bellum
1369 3461 1504 3505 cum
1548 3442 1829 3524 Jugurtha
1870 3465 2012 3527 rege
2056 3447 2367 3511 Numidiae

373 3557 512 3621 Cos.
552 3558 758 3637 gessit,
800 3575 938 3620 eum
979 3559 1136 3637 cepit
1179 3566 1240 3621 et
1269 3558 1637 3637 triumphans
1667 3560 1728 3621 in
1760 3559 2023 3624 secundo
2056 3560 2366 3625 consulatu

371 3675 502 3731 ante
534 3687 769 3733 currum
797 3675 969 3734 suum
1002 3669 1140 3734 duci
1170 3670 1363 3734 iussit.
1427 3670 1691 3737 Tertium
1719 3674 1928 3737 consul
1956 3691 2170 3753 apsens
2204 3692 2365 3737 crea-

366 3790 464 3848 tus
494 3793 553 3848 et
579 3783 690 3847 1111
722 3786 857 3850 Coe.
891 3785 1293 3850 Teutonorum
1326 3787 1646 3852 exercitum
1678 3786 1912 3851 delevit.
1974 3789 2027 3853 V
2055 3790 2192 3854 Cos·
2213 3788 2366 3852 Cim·

365 3898 509 3968 bros
551 3898 719 3965 fudit.
808 3901 893 3966 Ex
931 3901 1007 3966 iis
1049 3909 1109 3967 et
1146 3902 1432 3968 Teutonis
1476 3903 1689 3968 iterum
1724 3902 2119 3992 triumphavit.
2186 3903 2364 3967 Rem·
