<?xml version="1.0" encoding="UTF-8"?>
<!DOCTYPE html PUBLIC "-//W3C//DTD XHTML 1.0 Transitional//EN"
    "http://www.w3.org/TR/xhtml1/DTD/xhtml1-transitional.dtd">
<html xmlns="http://www.w3.org/1999/xhtml" xml:lang="en" lang="en">
 <head>
  <title>
</title>
<meta http-equiv="Content-Type" content="text/html;charset=utf-8" />
  <meta name='ocr-system' content='tesseract 3.04.00' />
  <meta name='ocr-capabilities' content='ocr_page ocr_carea ocr_par ocr_line ocrx_word'/>
</head>
<body>
  <div class='ocr_page' id='page_1' title='image "./elogiorumromano00bavagoog_0058.png"; bbox 0 0 2674 4449; ppageno 0'>
   <div class='ocr_carea' id='block_1_1' title="bbox 338 299 2346 1813">
    <p class='ocr_par' dir='ltr' id='par_1_1' title="bbox 1296 299 2149 394">
     <span class='ocr_line' id='line_1_1' title="bbox 1296 299 2149 394; baseline 0.004 -30"><span class='ocrx_word' id='word_1_1' title='bbox 1296 299 1381 366; x_wconf 61' lang='lat'><strong>54</strong></span> <span class='ocrx_word' id='word_1_2' title='bbox 2125 356 2149 394; x_wconf 76' lang='lat' dir='ltr'><em>e</em></span> 
     </span>
    </p>

    <p class='ocr_par' dir='ltr' id='par_1_2' title="bbox 338 481 2346 1813">
     <span class='ocr_line' id='line_1_2' title="bbox 342 481 2341 565; baseline 0.002 -20"><span class='ocrx_word' id='word_1_3' title='bbox 342 501 477 546; x_wconf 92' lang='lat' dir='ltr'><strong>cum</strong></span> <span class='ocrx_word' id='word_1_4' title='bbox 517 481 717 545; x_wconf 90' lang='lat' dir='ltr'><strong>studio</strong></span> <span class='ocrx_word' id='word_1_5' title='bbox 757 481 1007 553; x_wconf 85' lang='lat' dir='ltr'><strong>adiuvit,</strong></span> <span class='ocrx_word' id='word_1_6' title='bbox 1055 500 1250 564; x_wconf 87' lang='lat' dir='ltr'><strong>neque</strong></span> <span class='ocrx_word' id='word_1_7' title='bbox 1276 488 1476 546; x_wconf 86' lang='lat' dir='ltr'><strong>tamen</strong></span> <span class='ocrx_word' id='word_1_8' title='bbox 1507 486 1568 546; x_wconf 91' lang='lat' dir='ltr'><strong>in</strong></span> <span class='ocrx_word' id='word_1_9' title='bbox 1605 484 1866 547; x_wconf 87' lang='lat' dir='ltr'><strong>moribus</strong></span> <span class='ocrx_word' id='word_1_10' title='bbox 1904 485 2030 548; x_wconf 91' lang='lat' dir='ltr'><strong>suis</strong></span> <span class='ocrx_word' id='word_1_11' title='bbox 2059 486 2341 565; x_wconf 86' lang='lat' dir='ltr'><strong>regendis</strong></span> 
     </span>
     <span class='ocr_line' id='line_1_3' title="bbox 341 587 2339 686; baseline 0.001 -27"><span class='ocrx_word' id='word_1_12' title='bbox 341 597 554 660; x_wconf 88' lang='lat' dir='ltr'><strong>eadem</strong></span> <span class='ocrx_word' id='word_1_13' title='bbox 584 598 912 659; x_wconf 84' lang='lat' dir='ltr'><strong>constantia</strong></span> <span class='ocrx_word' id='word_1_14' title='bbox 936 594 1185 659; x_wconf 77' lang='lat' dir='ltr'><strong>&#39;secutus</strong></span> <span class='ocrx_word' id='word_1_15' title='bbox 1209 603 1317 659; x_wconf 89' lang='lat' dir='ltr'><strong>est.</strong></span> <span class='ocrx_word' id='word_1_16' title='bbox 1372 587 1538 686; x_wconf 50' lang='lat' dir='ltr'><strong>’Papa</strong></span> <span class='ocrx_word' id='word_1_17' title='bbox 1556 587 1844 669; x_wconf 80' lang='lat' dir='ltr'><strong>carolum,</strong></span> <span class='ocrx_word' id='word_1_18' title='bbox 1878 598 2019 660; x_wconf 86' lang='lat' dir='ltr'><strong>dum</strong></span> <span class='ocrx_word' id='word_1_19' title='bbox 2047 596 2176 660; x_wconf 79' lang='lat' dir='ltr'><strong>dies</strong></span> <span class='ocrx_word' id='word_1_20' title='bbox 2210 617 2339 660; x_wconf 90' lang='lat' dir='ltr'><strong>ser-</strong></span> 
     </span>
     <span class='ocr_line' id='line_1_4' title="bbox 342 709 2344 792; baseline 0 -19"><span class='ocrx_word' id='word_1_21' title='bbox 342 711 559 773; x_wconf 87' lang='lat' dir='ltr'><strong>vatoris</strong></span> <span class='ocrx_word' id='word_1_22' title='bbox 607 709 816 775; x_wconf 88' lang='lat' dir='ltr'><strong>natalis</strong></span> <span class='ocrx_word' id='word_1_23' title='bbox 866 712 1393 792; x_wconf 79' lang='lat' dir='ltr'><strong>octingentesimus</strong></span> <span class='ocrx_word' id='word_1_24' title='bbox 1441 712 1798 782; x_wconf 87' lang='lat' dir='ltr'><strong>celebratur,</strong></span> <span class='ocrx_word' id='word_1_25' title='bbox 1853 711 2172 792; x_wconf 80' lang='lat' dir='ltr'><strong>dignitatis</strong></span> <span class='ocrx_word' id='word_1_26' title='bbox 2225 713 2344 774; x_wconf 88' lang='lat' dir='ltr'><strong>sibi</strong></span> 
     </span>
     <span class='ocr_line' id='line_1_5' title="bbox 338 818 2345 906; baseline 0.001 -21"><span class='ocrx_word' id='word_1_27' title='bbox 338 818 705 895; x_wconf 73' lang='lat' dir='ltr'><strong>tribuendae,</strong></span> <span class='ocrx_word' id='word_1_28' title='bbox 743 829 807 885; x_wconf 88' lang='lat' dir='ltr'><strong>ut</strong></span> <span class='ocrx_word' id='word_1_29' title='bbox 839 823 1096 895; x_wconf 83' lang='lat' dir='ltr'><strong>videtur,</strong></span> <span class='ocrx_word' id='word_1_30' title='bbox 1128 822 1285 887; x_wconf 88' lang='lat' dir='ltr'><strong>haud</strong></span> <span class='ocrx_word' id='word_1_31' title='bbox 1313 826 1607 905; x_wconf 85' lang='lat' dir='ltr'><strong>ignarum,</strong></span> <span class='ocrx_word' id='word_1_32' title='bbox 1655 824 2054 888; x_wconf 88' lang='lat' dir='ltr'><strong>Romanorum</strong></span> <span class='ocrx_word' id='word_1_33' title='bbox 2082 826 2345 906; x_wconf 89' lang='lat' dir='ltr'><strong>impera-</strong></span> 
     </span>
     <span class='ocr_line' id='line_1_6' title="bbox 338 932 2345 1029; baseline 0.001 -31"><span class='ocrx_word' id='word_1_34' title='bbox 338 932 548 998; x_wconf 82' lang='lat' dir='ltr'><strong>torem</strong></span> <span class='ocrx_word' id='word_1_35' title='bbox 580 935 960 1029; x_wconf 77' lang='lat' dir='ltr'><strong>renuntiavit,</strong></span> <span class='ocrx_word' id='word_1_36' title='bbox 1033 937 1128 999; x_wconf 85' lang='lat' dir='ltr'><strong>cui</strong></span> <span class='ocrx_word' id='word_1_37' title='bbox 1163 938 1225 998; x_wconf 88' lang='lat' dir='ltr'><strong>in</strong></span> <span class='ocrx_word' id='word_1_38' title='bbox 1273 935 1553 1000; x_wconf 84' lang='lat' dir='ltr'><strong>omnibus</strong></span> <span class='ocrx_word' id='word_1_39' title='bbox 1601 954 1753 1017; x_wconf 88' lang='lat' dir='ltr'><strong>quae</strong></span> <span class='ocrx_word' id='word_1_40' title='bbox 1799 937 1874 1001; x_wconf 87' lang='lat' dir='ltr'><strong>ad</strong></span> <span class='ocrx_word' id='word_1_41' title='bbox 1920 936 2125 999; x_wconf 84' lang='lat' dir='ltr'><strong>civiles</strong></span> <span class='ocrx_word' id='word_1_42' title='bbox 2172 937 2345 1018; x_wconf 85' lang='lat' dir='ltr'><strong>leges</strong></span> 
     </span>
     <span class='ocr_line' id='line_1_7' title="bbox 341 1050 2346 1131; baseline 0.001 -20"><span class='ocrx_word' id='word_1_43' title='bbox 341 1053 708 1128; x_wconf 78' lang='lat' dir='ltr'><strong>spectarent,</strong></span> <span class='ocrx_word' id='word_1_44' title='bbox 761 1050 1083 1129; x_wconf 82' lang='lat' dir='ltr'><strong>pariturum</strong></span> <span class='ocrx_word' id='word_1_45' title='bbox 1123 1067 1192 1112; x_wconf 87' lang='lat' dir='ltr'><strong>se</strong></span> <span class='ocrx_word' id='word_1_46' title='bbox 1222 1051 1529 1130; x_wconf 85' lang='lat' dir='ltr'><strong>professus</strong></span> <span class='ocrx_word' id='word_1_47' title='bbox 1567 1057 1691 1130; x_wconf 87' lang='lat' dir='ltr'><strong>est,</strong></span> <span class='ocrx_word' id='word_1_48' title='bbox 1740 1050 1897 1113; x_wconf 88' lang='lat' dir='ltr'><strong>haud</strong></span> <span class='ocrx_word' id='word_1_49' title='bbox 1940 1068 2115 1113; x_wconf 80' lang='lat' dir='ltr'><strong>secus</strong></span> <span class='ocrx_word' id='word_1_50' title='bbox 2162 1054 2346 1131; x_wconf 87' lang='lat' dir='ltr'><strong>qua&#39;m</strong></span> 
     </span>
     <span class='ocr_line' id='line_1_8' title="bbox 340 1162 2342 1247; baseline 0.001 -21"><span class='ocrx_word' id='word_1_51' title='bbox 340 1162 554 1226; x_wconf 75' lang='lat' dir='ltr'><strong>carolo</strong></span> <span class='ocrx_word' id='word_1_52' title='bbox 601 1163 723 1227; x_wconf 83' lang='lat' dir='ltr'><strong>iam</strong></span> <span class='ocrx_word' id='word_1_53' title='bbox 771 1170 941 1227; x_wconf 84' lang='lat' dir='ltr'><strong>autea</strong></span> <span class='ocrx_word' id='word_1_54' title='bbox 986 1164 1233 1245; x_wconf 86' lang='lat' dir='ltr'><strong>patricio</strong></span> <span class='ocrx_word' id='word_1_55' title='bbox 1282 1165 1547 1228; x_wconf 81' lang='lat' dir='ltr'><strong>Romano</strong></span> <span class='ocrx_word' id='word_1_56' title='bbox 1595 1171 1882 1247; x_wconf 85' lang='lat' dir='ltr'><strong>paruerat.</strong></span> <span class='ocrx_word' id='word_1_57' title='bbox 1988 1167 2182 1228; x_wconf 90' lang='lat' dir='ltr'><strong>Nemo</strong></span> <span class='ocrx_word' id='word_1_58' title='bbox 2230 1174 2342 1240; x_wconf 87' lang='lat' dir='ltr'><strong>est,</strong></span> 
     </span>
     <span class='ocr_line' id='line_1_9' title="bbox 342 1276 2344 1360; baseline 0.001 -21"><span class='ocrx_word' id='word_1_59' title='bbox 342 1293 523 1358; x_wconf 90' lang='lat' dir='ltr'><strong>quem</strong></span> <span class='ocrx_word' id='word_1_60' title='bbox 543 1276 755 1340; x_wconf 88' lang='lat' dir='ltr'><strong>Carolo</strong></span> <span class='ocrx_word' id='word_1_61' title='bbox 774 1278 1153 1360; x_wconf 72' lang='lat' dir='ltr'><strong>aequaveris:</strong></span> <span class='ocrx_word' id='word_1_62' title='bbox 1183 1280 1331 1350; x_wconf 76' lang='lat' dir='ltr'><strong>aevi,</strong></span> <span class='ocrx_word' id='word_1_63' title='bbox 1363 1278 1522 1360; x_wconf 85' lang='lat' dir='ltr'><strong>qnod</strong></span> <span class='ocrx_word' id='word_1_64' title='bbox 1553 1297 1620 1341; x_wconf 87' lang='lat' dir='ltr'><strong>se</strong></span> <span class='ocrx_word' id='word_1_65' title='bbox 1648 1285 1991 1343; x_wconf 86' lang='lat' dir='ltr'><strong>nascentem</strong></span> <span class='ocrx_word' id='word_1_66' title='bbox 2009 1279 2172 1352; x_wconf 78' lang='lat' dir='ltr'><strong>vidit,-</strong></span> <span class='ocrx_word' id='word_1_67' title='bbox 2206 1280 2344 1342; x_wconf 89' lang='lat' dir='ltr'><strong>cali-</strong></span> 
     </span>
     <span class='ocr_line' id='line_1_10' title="bbox 341 1391 2335 1479; baseline 0.001 -27"><span class='ocrx_word' id='word_1_68' title='bbox 341 1391 537 1470; x_wconf 83' lang='lat' dir='ltr'><strong>ginem</strong></span> <span class='ocrx_word' id='word_1_69' title='bbox 567 1392 787 1471; x_wconf 85' lang='lat' dir='ltr'><strong>ingenii</strong></span> <span class='ocrx_word' id='word_1_70' title='bbox 818 1391 1039 1454; x_wconf 88' lang='lat' dir='ltr'><strong>lumine</strong></span> <span class='ocrx_word' id='word_1_71' title='bbox 1068 1410 1182 1454; x_wconf 91' lang='lat' dir='ltr'><strong>ceu</strong></span> <span class='ocrx_word' id='word_1_72' title='bbox 1213 1392 1306 1454; x_wconf 91' lang='lat' dir='ltr'><strong>sol</strong></span> <span class='ocrx_word' id='word_1_73' title='bbox 1335 1391 1611 1454; x_wconf 87' lang='lat' dir='ltr'><strong>exoriens</strong></span> <span class='ocrx_word' id='word_1_74' title='bbox 1656 1392 2032 1455; x_wconf 86' lang='lat' dir='ltr'><strong>collustravit.</strong></span> <span class='ocrx_word' id='word_1_75' title='bbox 2125 1391 2335 1479; x_wconf 84' lang='lat' dir='ltr'><strong>Multas</strong></span> 
     </span>
     <span class='ocr_line' id='line_1_11' title="bbox 341 1504 2344 1588; baseline 0.001 -22"><span class='ocrx_word' id='word_1_76' title='bbox 341 1504 581 1568; x_wconf 89' lang='lat' dir='ltr'><strong>molitus</strong></span> <span class='ocrx_word' id='word_1_77' title='bbox 614 1512 712 1567; x_wconf 89' lang='lat' dir='ltr'><strong>est</strong></span> <span class='ocrx_word' id='word_1_78' title='bbox 740 1524 1096 1588; x_wconf 82' lang='lat' dir='ltr'><strong>magnasque</strong></span> <span class='ocrx_word' id='word_1_79' title='bbox 1127 1525 1226 1569; x_wconf 90' lang='lat' dir='ltr'><strong>res</strong></span> <span class='ocrx_word' id='word_1_80' title='bbox 1266 1526 1386 1570; x_wconf 88' lang='lat' dir='ltr'><strong>non</strong></span> <span class='ocrx_word' id='word_1_81' title='bbox 1434 1504 1768 1580; x_wconf 86' lang='lat' dir='ltr'><strong>duraturas;</strong></span> <span class='ocrx_word' id='word_1_82' title='bbox 1829 1524 2030 1569; x_wconf 84' lang='lat' dir='ltr'><strong>earum</strong></span> <span class='ocrx_word' id='word_1_83' title='bbox 2075 1524 2228 1586; x_wconf 89' lang='lat' dir='ltr'><strong>quae</strong></span> <span class='ocrx_word' id='word_1_84' title='bbox 2270 1507 2344 1569; x_wconf 85' lang='lat' dir='ltr'><strong>ad</strong></span> 
     </span>
     <span class='ocr_line' id='line_1_12' title="bbox 340 1618 2345 1703; baseline 0.002 -23"><span class='ocrx_word' id='word_1_85' title='bbox 340 1618 694 1699; x_wconf 84' lang='lat' dir='ltr'><strong>religionem</strong></span> <span class='ocrx_word' id='word_1_86' title='bbox 735 1621 1110 1685; x_wconf 84' lang='lat' dir='ltr'><strong>christianam</strong></span> <span class='ocrx_word' id='word_1_87' title='bbox 1152 1619 1592 1703; x_wconf 83' lang='lat' dir='ltr'><strong>propagandam</strong></span> <span class='ocrx_word' id='word_1_88' title='bbox 1631 1622 1882 1685; x_wconf 88' lang='lat' dir='ltr'><strong>instituit</strong></span> <span class='ocrx_word' id='word_1_89' title='bbox 1918 1621 2212 1702; x_wconf 85' lang='lat' dir='ltr'><strong>hodieque</strong></span> <span class='ocrx_word' id='word_1_90' title='bbox 2244 1640 2345 1684; x_wconf 43' lang='lat' dir='ltr'><strong>ve*</strong></span> 
     </span>
     <span class='ocr_line' id='line_1_13' title="bbox 340 1731 798 1813; baseline 0.004 -19"><span class='ocrx_word' id='word_1_91' title='bbox 340 1731 515 1813; x_wconf 80' lang='lat' dir='ltr'><strong>stigia</strong></span> <span class='ocrx_word' id='word_1_92' title='bbox 540 1741 798 1796; x_wconf 88' lang='lat' dir='ltr'><strong>manent.</strong></span> 
     </span>
    </p>
   </div>
   <div class='ocr_carea' id='block_1_2' title="bbox 752 2012 1927 2127">
    <p class='ocr_par' dir='ltr' id='par_1_3' title="bbox 752 2012 1927 2127">
     <span class='ocr_line' id='line_1_14' title="bbox 752 2012 1927 2127; baseline -0.003 -2"><span class='ocrx_word' id='word_1_93' title='bbox 752 2025 1172 2127; x_wconf 54' lang='lat' dir='ltr'><strong>mamus</strong></span> <span class='ocrx_word' id='word_1_94' title='bbox 1215 2012 1927 2127; x_wconf 68' lang='lat' dir='ltr'><strong>Rouemuamus.</strong></span> 
     </span>
    </p>
   </div>
   <div class='ocr_carea' id='block_1_3' title="bbox 272 2186 2351 4114">
    <p class='ocr_par' dir='ltr' id='par_1_4' title="bbox 272 2186 2351 4114">
     <span class='ocr_line' id='line_1_15' title="bbox 515 2186 2345 2278; baseline 0.001 -20"><span class='ocrx_word' id='word_1_95' title='bbox 515 2196 823 2269; x_wconf 82' lang='lat' dir='ltr'><strong>Erasmus,</strong></span> <span class='ocrx_word' id='word_1_96' title='bbox 855 2214 1035 2278; x_wconf 88' lang='lat' dir='ltr'><strong>quem</strong></span> <span class='ocrx_word' id='word_1_97' title='bbox 1073 2195 1351 2277; x_wconf 79' lang='lat' dir='ltr'><strong>Agricola</strong></span> <span class='ocrx_word' id='word_1_98' title='bbox 1388 2197 1479 2260; x_wconf 80' lang='lat' dir='ltr'><strong>vir</strong></span> <span class='ocrx_word' id='word_1_99' title='bbox 1506 2186 1966 2268; x_wconf 81' lang='lat' dir='ltr'><strong>eruditissimus,</strong></span> <span class='ocrx_word' id='word_1_100' title='bbox 2028 2195 2345 2277; x_wconf 87' lang='lat' dir='ltr'><strong>aliquando</strong></span> 
     </span>
     <span class='ocr_line' id='line_1_16' title="bbox 342 2313 2349 2406; baseline 0 -31"><span class='ocrx_word' id='word_1_101' title='bbox 342 2313 606 2406; x_wconf 83' lang='lat' dir='ltr'><strong>doctrina</strong></span> <span class='ocrx_word' id='word_1_102' title='bbox 634 2315 790 2377; x_wconf 88' lang='lat' dir='ltr'><strong>inter</strong></span> <span class='ocrx_word' id='word_1_103' title='bbox 819 2315 1101 2396; x_wconf 85' lang='lat' dir='ltr'><strong>aequales</strong></span> <span class='ocrx_word' id='word_1_104' title='bbox 1131 2315 1521 2396; x_wconf 83' lang='lat' dir='ltr'><strong>conspicuum</strong></span> <span class='ocrx_word' id='word_1_105' title='bbox 1549 2314 1679 2376; x_wconf 80' lang='lat' dir='ltr'><strong>fore</strong></span> <span class='ocrx_word' id='word_1_106' title='bbox 1709 2320 2017 2394; x_wconf 82' lang='lat' dir='ltr'><strong>auguratus</strong></span> <span class='ocrx_word' id='word_1_107' title='bbox 2038 2321 2149 2385; x_wconf 80' lang='lat' dir='ltr'><strong>est,</strong></span> <span class='ocrx_word' id='word_1_108' title='bbox 2179 2332 2349 2396; x_wconf 83' lang='lat' dir='ltr'><strong>mag-</strong></span> 
     </span>
     <span class='ocr_line' id='line_1_17' title="bbox 339 2429 2348 2514; baseline 0 -23"><span class='ocrx_word' id='word_1_109' title='bbox 339 2447 477 2492; x_wconf 88' lang='lat' dir='ltr'><strong>nam</strong></span> <span class='ocrx_word' id='word_1_110' title='bbox 507 2437 711 2512; x_wconf 84' lang='lat' dir='ltr'><strong>spem,</strong></span> <span class='ocrx_word' id='word_1_111' title='bbox 744 2449 921 2513; x_wconf 86' lang='lat' dir='ltr'><strong>quam</strong></span> <span class='ocrx_word' id='word_1_112' title='bbox 953 2450 1103 2514; x_wconf 82' lang='lat' dir='ltr'><strong>puer</strong></span> <span class='ocrx_word' id='word_1_113' title='bbox 1130 2433 1204 2496; x_wconf 87' lang='lat' dir='ltr'><strong>de</strong></span> <span class='ocrx_word' id='word_1_114' title='bbox 1237 2450 1306 2495; x_wconf 86' lang='lat' dir='ltr'><strong>se</strong></span> <span class='ocrx_word' id='word_1_115' title='bbox 1337 2432 1711 2502; x_wconf 79' lang='lat' dir='ltr'><strong>excitaverat,</strong></span> <span class='ocrx_word' id='word_1_116' title='bbox 1760 2433 1877 2502; x_wconf 82' lang='lat' dir='ltr'><strong>vlr,</strong></span> <span class='ocrx_word' id='word_1_117' title='bbox 1926 2429 1992 2493; x_wconf 90' lang='lat' dir='ltr'><strong>id</strong></span> <span class='ocrx_word' id='word_1_118' title='bbox 2022 2430 2183 2509; x_wconf 88' lang='lat' dir='ltr'><strong>quod</strong></span> <span class='ocrx_word' id='word_1_119' title='bbox 2207 2447 2348 2492; x_wconf 86' lang='lat' dir='ltr'><strong>raro</strong></span> 
     </span>
     <span class='ocr_line' id='line_1_18' title="bbox 272 2537 2346 2625; baseline 0 -21"><span class='ocrx_word' id='word_1_120' title='bbox 272 2558 279 2562; x_wconf 80' lang='grc'><em>’</em></span> <span class='ocrx_word' id='word_1_121' title='bbox 341 2545 564 2615; x_wconf 82' lang='lat' dir='ltr'><strong>evenit,</strong></span> <span class='ocrx_word' id='word_1_122' title='bbox 627 2547 969 2625; x_wconf 87' lang='lat' dir='ltr'><strong>neutiquam</strong></span> <span class='ocrx_word' id='word_1_123' title='bbox 1008 2543 1237 2609; x_wconf 73' lang='lat' dir='ltr'><strong>fefellit..</strong></span> <span class='ocrx_word' id='word_1_124' title='bbox 1323 2542 1772 2615; x_wconf 79' lang='lat' dir='ltr'><strong>Monasterium,</strong></span> <span class='ocrx_word' id='word_1_125' title='bbox 1818 2562 1936 2625; x_wconf 88' lang='lat' dir='ltr'><strong>quo</strong></span> <span class='ocrx_word' id='word_1_126' title='bbox 1969 2537 2346 2605; x_wconf 85' lang='lat' dir='ltr'><strong>commodius</strong></span> 
     </span>
     <span class='ocr_line' id='line_1_19' title="bbox 339 2656 2346 2750; baseline 0.002 -33"><span class='ocrx_word' id='word_1_127' title='bbox 339 2657 646 2750; x_wconf 84' lang='lat' dir='ltr'><strong>literarum</strong></span> <span class='ocrx_word' id='word_1_128' title='bbox 677 2656 871 2720; x_wconf 89' lang='lat' dir='ltr'><strong>studio</strong></span> <span class='ocrx_word' id='word_1_129' title='bbox 901 2663 1138 2720; x_wconf 82' lang='lat' dir='ltr'><strong>vacaret</strong></span> <span class='ocrx_word' id='word_1_130' title='bbox 1165 2659 1463 2738; x_wconf 83' lang='lat' dir='ltr'><strong>vitamque</strong></span> <span class='ocrx_word' id='word_1_131' title='bbox 1507 2657 1823 2736; x_wconf 85' lang='lat' dir='ltr'><strong>toleraret,</strong></span> <span class='ocrx_word' id='word_1_132' title='bbox 1885 2657 1985 2720; x_wconf 83' lang='lat' dir='ltr'><strong>diu</strong></span> <span class='ocrx_word' id='word_1_133' title='bbox 2033 2662 2346 2721; x_wconf 69' lang='lat' dir='ltr'><strong>cunctatus</strong></span> 
     </span>
     <span class='ocr_line' id='line_1_20' title="bbox 326 2768 2348 2851; baseline 0 -20"><span class='ocrx_word' id='word_1_134' title='bbox 326 2771 589 2843; x_wconf 83' lang='lat' dir='ltr'><strong>intravit,</strong></span> <span class='ocrx_word' id='word_1_135' title='bbox 619 2769 901 2850; x_wconf 85' lang='lat' dir='ltr'><strong>idemque</strong></span> <span class='ocrx_word' id='word_1_136' title='bbox 931 2775 1248 2851; x_wconf 84' lang='lat' dir='ltr'><strong>postquam</strong></span> <span class='ocrx_word' id='word_1_137' title='bbox 1277 2769 1341 2831; x_wconf 90' lang='lat' dir='ltr'><strong>in</strong></span> <span class='ocrx_word' id='word_1_138' title='bbox 1361 2768 1548 2833; x_wconf 81' lang='lat' dir='ltr'><strong>Gallia</strong></span> <span class='ocrx_word' id='word_1_139' title='bbox 1567 2768 1729 2832; x_wconf 86' lang='lat' dir='ltr'><strong>omni</strong></span> <span class='ocrx_word' id='word_1_140' title='bbox 1758 2769 2023 2833; x_wconf 84' lang='lat' dir='ltr'><strong>doctrina</strong></span> <span class='ocrx_word' id='word_1_141' title='bbox 2053 2770 2348 2843; x_wconf 81' lang='lat' dir='ltr'><strong>excelluit3</strong></span> 
     </span>
     <span class='ocr_line' id='line_1_21' title="bbox 340 2883 2346 2964; baseline 0.001 -20"><span class='ocrx_word' id='word_1_142' title='bbox 340 2884 404 2947; x_wconf 90' lang='lat' dir='ltr'><strong>in</strong></span> <span class='ocrx_word' id='word_1_143' title='bbox 438 2883 649 2963; x_wconf 84' lang='lat' dir='ltr'><strong>Anglia</strong></span> <span class='ocrx_word' id='word_1_144' title='bbox 678 2891 738 2946; x_wconf 90' lang='lat' dir='ltr'><strong>et</strong></span> <span class='ocrx_word' id='word_1_145' title='bbox 766 2885 932 2948; x_wconf 87' lang='lat' dir='ltr'><strong>ltalia</strong></span> <span class='ocrx_word' id='word_1_146' title='bbox 962 2884 1560 2948; x_wconf 82' lang='lat' dir='ltr'><strong>honorificentissime</strong></span> <span class='ocrx_word' id='word_1_147' title='bbox 1592 2891 1871 2964; x_wconf 84' lang='lat' dir='ltr'><strong>exceptus</strong></span> <span class='ocrx_word' id='word_1_148' title='bbox 1900 2891 2012 2957; x_wconf 87' lang='lat' dir='ltr'><strong>est,</strong></span> <span class='ocrx_word' id='word_1_149' title='bbox 2042 2891 2346 2947; x_wconf 83' lang='lat' dir='ltr'><strong>monaste-</strong></span> 
     </span>
     <span class='ocr_line' id='line_1_22' title="bbox 343 2998 2351 3079; baseline -0 -19"><span class='ocrx_word' id='word_1_150' title='bbox 343 3000 495 3060; x_wconf 87' lang='lat' dir='ltr'><strong>rium</strong></span> <span class='ocrx_word' id='word_1_151' title='bbox 531 3003 809 3077; x_wconf 86' lang='lat' dir='ltr'><strong>repetere</strong></span> <span class='ocrx_word' id='word_1_152' title='bbox 841 2998 1128 3079; x_wconf 87' lang='lat' dir='ltr'><strong>optimum</strong></span> <span class='ocrx_word' id='word_1_153' title='bbox 1171 3004 1333 3059; x_wconf 86' lang='lat' dir='ltr'><strong>ratus</strong></span> <span class='ocrx_word' id='word_1_154' title='bbox 1364 3003 1481 3059; x_wconf 87' lang='lat' dir='ltr'><strong>est:</strong></span> <span class='ocrx_word' id='word_1_155' title='bbox 1542 3015 1874 3078; x_wconf 86' lang='lat' dir='ltr'><strong>quanquam</strong></span> <span class='ocrx_word' id='word_1_156' title='bbox 1919 2998 2351 3061; x_wconf 89' lang='lat' dir='ltr'><strong>monachorum</strong></span> 
     </span>
     <span class='ocr_line' id='line_1_23' title="bbox 343 3110 2350 3191; baseline -0.002 -16"><span class='ocrx_word' id='word_1_157' title='bbox 343 3112 486 3175; x_wconf 85' lang='lat' dir='ltr'><strong>vitia</strong></span> <span class='ocrx_word' id='word_1_158' title='bbox 532 3110 704 3173; x_wconf 90' lang='lat' dir='ltr'><strong>libris</strong></span> <span class='ocrx_word' id='word_1_159' title='bbox 751 3129 784 3173; x_wconf 88' lang='lat' dir='ltr'><strong>a</strong></span> <span class='ocrx_word' id='word_1_160' title='bbox 833 3128 901 3173; x_wconf 89' lang='lat' dir='ltr'><strong>se</strong></span> <span class='ocrx_word' id='word_1_161' title='bbox 947 3110 1138 3174; x_wconf 83' lang='lat' dir='ltr'><strong>editis,</strong></span> <span class='ocrx_word' id='word_1_162' title='bbox 1166 3111 1375 3171; x_wconf 84' lang='lat' dir='ltr'><strong>acriter</strong></span> <span class='ocrx_word' id='word_1_163' title='bbox 1418 3111 1734 3191; x_wconf 81' lang='lat' dir='ltr'><strong>impugnat.</strong></span> <span class='ocrx_word' id='word_1_164' title='bbox 1842 3111 2350 3174; x_wconf 84' lang='lat' dir='ltr'><strong>Reformationem</strong></span> 
     </span>
     <span class='ocr_line' id='line_1_24' title="bbox 344 3222 2349 3312; baseline -0.002 -23"><span class='ocrx_word' id='word_1_165' title='bbox 344 3244 651 3289; x_wconf 81' lang='lat' dir='ltr'><strong>sacrorum</strong></span> <span class='ocrx_word' id='word_1_166' title='bbox 693 3225 814 3288; x_wconf 87' lang='lat' dir='ltr'><strong>iam</strong></span> <span class='ocrx_word' id='word_1_167' title='bbox 853 3245 886 3289; x_wconf 88' lang='lat' dir='ltr'><strong>a</strong></span> <span class='ocrx_word' id='word_1_168' title='bbox 931 3223 1186 3288; x_wconf 89' lang='lat' dir='ltr'><strong>concilio</strong></span> <span class='ocrx_word' id='word_1_169' title='bbox 1214 3222 1544 3287; x_wconf 87' lang='lat' dir='ltr'><strong>Basileensi</strong></span> <span class='ocrx_word' id='word_1_170' title='bbox 1574 3242 1696 3305; x_wconf 81' lang='lat' dir='ltr'><strong>pro·</strong></span> <span class='ocrx_word' id='word_1_171' title='bbox 1716 3226 2057 3312; x_wconf 82' lang='lat' dir='ltr'><strong>necessaria</strong></span> <span class='ocrx_word' id='word_1_172' title='bbox 2087 3222 2349 3287; x_wconf 85' lang='lat' dir='ltr'><strong>habitam</strong></span> 
     </span>
     <span class='ocr_line' id='line_1_25' title="bbox 312 3335 2349 3420; baseline -0.002 -19"><span class='ocrx_word' id='word_1_173' title='bbox 312 3387 315 3388; x_wconf 16' lang='grc' dir='ltr'><em>ν</em></span> <span class='ocrx_word' id='word_1_174' title='bbox 344 3346 407 3402; x_wconf 90' lang='lat' dir='ltr'><strong>et</strong></span> <span class='ocrx_word' id='word_1_175' title='bbox 435 3340 568 3420; x_wconf 89' lang='lat' dir='ltr'><strong>ipse</strong></span> <span class='ocrx_word' id='word_1_176' title='bbox 601 3339 858 3419; x_wconf 84' lang='lat' dir='ltr'><strong>optabat,</strong></span> <span class='ocrx_word' id='word_1_177' title='bbox 892 3336 1002 3401; x_wconf 87' lang='lat' dir='ltr'><strong>sed</strong></span> <span class='ocrx_word' id='word_1_178' title='bbox 1031 3355 1160 3400; x_wconf 88' lang='lat' dir='ltr'><strong>eam</strong></span> <span class='ocrx_word' id='word_1_179' title='bbox 1198 3355 1312 3418; x_wconf 87' lang='lat' dir='ltr'><strong>qua</strong></span> <span class='ocrx_word' id='word_1_180' title='bbox 1345 3335 1602 3400; x_wconf 88' lang='lat' dir='ltr'><strong>ecelesia</strong></span> <span class='ocrx_word' id='word_1_181' title='bbox 1632 3338 1918 3400; x_wconf 88' lang='lat' dir='ltr'><strong>catholica</strong></span> <span class='ocrx_word' id='word_1_182' title='bbox 1947 3340 2007 3398; x_wconf 91' lang='lat' dir='ltr'><strong>in</strong></span> <span class='ocrx_word' id='word_1_183' title='bbox 2035 3337 2349 3417; x_wconf 86' lang='lat' dir='ltr'><strong>pristinum</strong></span> 
     </span>
     <span class='ocr_line' id='line_1_26' title="bbox 346 3452 2347 3542; baseline -0.002 -26"><span class='ocrx_word' id='word_1_184' title='bbox 346 3454 528 3517; x_wconf 86' lang='lat' dir='ltr'><strong>decus</strong></span> <span class='ocrx_word' id='word_1_185' title='bbox 577 3453 1016 3525; x_wconf 84' lang='lat' dir='ltr'><strong>restitueretur,</strong></span> <span class='ocrx_word' id='word_1_186' title='bbox 1079 3472 1196 3516; x_wconf 87' lang='lat' dir='ltr'><strong>non</strong></span> <span class='ocrx_word' id='word_1_187' title='bbox 1242 3469 1358 3542; x_wconf 16' lang='lat' dir='ltr'><strong>‘qua</strong></span> <span class='ocrx_word' id='word_1_188' title='bbox 1408 3459 1785 3538; x_wconf 71' lang='lat' dir='ltr'><strong>everteretur.</strong></span> <span class='ocrx_word' id='word_1_189' title='bbox 1880 3452 2068 3527; x_wconf 87' lang='lat' dir='ltr'><strong>Quam</strong></span> <span class='ocrx_word' id='word_1_190' title='bbox 2104 3454 2181 3514; x_wconf 88' lang='lat' dir='ltr'><strong>ob</strong></span> <span class='ocrx_word' id='word_1_191' title='bbox 2213 3457 2347 3513; x_wconf 76' lang='lat' dir='ltr'><strong>rem</strong></span> 
     </span>
     <span class='ocr_line' id='line_1_27' title="bbox 346 3568 2346 3647; baseline -0.002 -17"><span class='ocrx_word' id='word_1_192' title='bbox 346 3575 551 3631; x_wconf 80' lang='lat' dir='ltr'><strong>centra</strong></span> <span class='ocrx_word' id='word_1_193' title='bbox 580 3568 907 3630; x_wconf 86' lang='lat' dir='ltr'><strong>Lutherum</strong></span> <span class='ocrx_word' id='word_1_194' title='bbox 939 3568 1310 3631; x_wconf 80' lang='lat' dir='ltr'><strong>adversarius</strong></span> <span class='ocrx_word' id='word_1_195' title='bbox 1342 3568 1576 3638; x_wconf 85' lang='lat' dir='ltr'><strong>exstitit,</strong></span> <span class='ocrx_word' id='word_1_196' title='bbox 1607 3584 1800 3647; x_wconf 89' lang='lat' dir='ltr'><strong>neque</strong></span> <span class='ocrx_word' id='word_1_197' title='bbox 1820 3574 2013 3628; x_wconf 85' lang='lat' dir='ltr'><strong>tamen</strong></span> <span class='ocrx_word' id='word_1_198' title='bbox 2046 3585 2120 3629; x_wconf 90' lang='lat' dir='ltr'><strong>eo</strong></span> <span class='ocrx_word' id='word_1_199' title='bbox 2150 3584 2346 3646; x_wconf 90' lang='lat' dir='ltr'><strong>usque</strong></span> 
     </span>
     <span class='ocr_line' id='line_1_28' title="bbox 344 3678 2344 3761; baseline -0.002 -18"><span class='ocrx_word' id='word_1_200' title='bbox 344 3686 410 3743; x_wconf 89' lang='lat' dir='ltr'><strong>ut</strong></span> <span class='ocrx_word' id='word_1_201' title='bbox 449 3680 660 3761; x_wconf 84' lang='lat' dir='ltr'><strong>poenis</strong></span> <span class='ocrx_word' id='word_1_202' title='bbox 700 3682 763 3742; x_wconf 89' lang='lat' dir='ltr'><strong>in</strong></span> <span class='ocrx_word' id='word_1_203' title='bbox 801 3698 939 3743; x_wconf 90' lang='lat' dir='ltr'><strong>eum</strong></span> <span class='ocrx_word' id='word_1_204' title='bbox 975 3682 1190 3744; x_wconf 79' lang='lat' dir='ltr'><strong>saeviri</strong></span> <span class='ocrx_word' id='word_1_205' title='bbox 1220 3678 1433 3752; x_wconf 84' lang='lat' dir='ltr'><strong>vellet,</strong></span> <span class='ocrx_word' id='word_1_206' title='bbox 1497 3699 1668 3761; x_wconf 86' lang='lat' dir='ltr'><strong>quam</strong></span> <span class='ocrx_word' id='word_1_207' title='bbox 1703 3683 2074 3743; x_wconf 84' lang='lat' dir='ltr'><strong>severitatem</strong></span> <span class='ocrx_word' id='word_1_208' title='bbox 2106 3679 2344 3746; x_wconf 77' lang='lat' dir='ltr'><strong>indoles</strong></span> 
     </span>
     <span class='ocr_line' id='line_1_29' title="bbox 348 3793 2346 3876; baseline -0.001 -19"><span class='ocrx_word' id='word_1_209' title='bbox 348 3795 476 3857; x_wconf 85' lang='lat' dir='ltr'><strong>eius</strong></span> <span class='ocrx_word' id='word_1_210' title='bbox 507 3793 734 3875; x_wconf 79' lang='lat' dir='ltr'><strong>refugit.</strong></span> <span class='ocrx_word' id='word_1_211' title='bbox 824 3795 1104 3862; x_wconf 87' lang='lat' dir='ltr'><strong>Tacendo</strong></span> <span class='ocrx_word' id='word_1_212' title='bbox 1134 3797 1268 3876; x_wconf 90' lang='lat' dir='ltr'><strong>plus</strong></span> <span class='ocrx_word' id='word_1_213' title='bbox 1299 3796 1508 3876; x_wconf 87' lang='lat' dir='ltr'><strong>profici</strong></span> <span class='ocrx_word' id='word_1_214' title='bbox 1537 3802 1723 3866; x_wconf 86' lang='lat' dir='ltr'><strong>ratus,</strong></span> <span class='ocrx_word' id='word_1_215' title='bbox 1762 3796 2084 3856; x_wconf 86' lang='lat' dir='ltr'><strong>animorum</strong></span> <span class='ocrx_word' id='word_1_216' title='bbox 2116 3795 2346 3856; x_wconf 88' lang='lat' dir='ltr'><strong>discor-</strong></span> 
     </span>
     <span class='ocr_line' id='line_1_30' title="bbox 349 3908 2344 3988; baseline -0.001 -17"><span class='ocrx_word' id='word_1_217' title='bbox 349 3909 506 3973; x_wconf 87' lang='lat' dir='ltr'><strong>diam</strong></span> <span class='ocrx_word' id='word_1_218' title='bbox 536 3908 724 3971; x_wconf 89' lang='lat' dir='ltr'><strong>lenire</strong></span> <span class='ocrx_word' id='word_1_219' title='bbox 756 3910 993 3974; x_wconf 89' lang='lat' dir='ltr'><strong>studuit.</strong></span> <span class='ocrx_word' id='word_1_220' title='bbox 1031 3914 1034 3917; x_wconf 51' lang='lat'><strong>⁴</strong></span> <span class='ocrx_word' id='word_1_221' title='bbox 1087 3910 1369 3985; x_wconf 84' lang='lat' dir='ltr'><strong>Quamvis</strong></span> <span class='ocrx_word' id='word_1_222' title='bbox 1402 3909 1913 3973; x_wconf 85' lang='lat' dir='ltr'><strong>calumniatoribus</strong></span> <span class='ocrx_word' id='word_1_223' title='bbox 1940 3908 2159 3988; x_wconf 89' lang='lat' dir='ltr'><strong>ubique</strong></span> <span class='ocrx_word' id='word_1_224' title='bbox 2193 3909 2344 3987; x_wconf 88' lang='lat' dir='ltr'><strong>peti-</strong></span> 
     </span>
     <span class='ocr_line' id='line_1_31' title="bbox 347 4022 2343 4114; baseline -0.001 -29"><span class='ocrx_word' id='word_1_225' title='bbox 347 4029 470 4114; x_wconf 71' lang='lat' dir='ltr'><strong>tus,</strong></span> <span class='ocrx_word' id='word_1_226' title='bbox 530 4041 564 4086; x_wconf 88' lang='lat' dir='ltr'><strong>a</strong></span> <span class='ocrx_word' id='word_1_227' title='bbox 590 4024 1018 4105; x_wconf 88' lang='lat' dir='ltr'><strong>potentissimis</strong></span> <span class='ocrx_word' id='word_1_228' title='bbox 1049 4023 1416 4107; x_wconf 85' lang='lat' dir='ltr'><strong>principibus</strong></span> <span class='ocrx_word' id='word_1_229' title='bbox 1446 4025 1786 4098; x_wconf 76' lang='lat' dir='ltr'><strong>honorificis</strong></span> <span class='ocrx_word' id='word_1_230' title='bbox 1818 4029 1880 4087; x_wconf 90' lang='lat' dir='ltr'><strong>et</strong></span> <span class='ocrx_word' id='word_1_231' title='bbox 1914 4022 2169 4087; x_wconf 84' lang='lat' dir='ltr'><strong>lucrosis</strong></span> <span class='ocrx_word' id='word_1_232' title='bbox 2203 4040 2343 4084; x_wconf 84' lang='lat' dir='ltr'><strong>con·</strong></span> 
     </span>
    </p>
   </div>
  </div>
 </body>
</html>
