2674 4449
1350 284 1440 352 48

380 460 651 540 Belgium
680 464 907 542 genuit:
956 447 1176 543 quippe
1205 461 1301 526 vel
1330 461 1685 527 Hollandica
1718 464 1997 529 nobilitas
2029 467 2091 531 in
2132 470 2406 534 ordInem

379 572 775 638 Teutonicum
793 558 1237 638 adsciscebatur
1263 581 1439 655 atque
1458 574 1807 637 Flandricus
1842 596 1965 639 non
1994 582 2191 641 minus
2225 576 2406 661 quam

376 683 764 757 Hollandious
810 702 1013 747 sermo
1043 705 1154 765 pro
1203 684 1592 747 Germanicae
1632 684 1866 764 linguae
1900 687 2152 751 dialecto
2183 692 2406 754 haben-

377 797 489 861 dus
522 805 631 860 est.
690 798 824 860 Non
857 797 1017 858 enim
1049 799 1174 858 suis
1207 812 1503 876 quamque
1535 803 1774 874 gentem
1807 796 2051 861 sedibus
2083 801 2398 864 inhaerere

374 912 630 974 maxime
662 890 865 980 refert,
898 909 1007 972 sed
1038 910 1130 972 sui
1161 927 1339 972 usum
1377 909 1676 970 sermonis
1696 912 1878 971 tueri:
1913 929 2091 991 quem
2119 914 2399 991 quamdiu

374 1041 521 1102 gens
549 1007 838 1098 tenuerit,
878 1022 1110 1085 tamdiu
1142 1021 1508 1101 perdurabit.
1600 1019 1732 1093 Quo
1764 1021 1985 1084 factum
2015 1032 2133 1095 est,
2174 1033 2236 1086 ut
2265 1044 2396 1103 ger-

372 1136 640 1196 manicae
691 1134 893 1212 stirpis
936 1132 1120 1195 decus
1157 1131 1512 1211 Ostrogothi
1555 1132 1629 1193 ad
1666 1134 1755 1192 rei
1790 1132 2065 1211 publicae
2095 1136 2398 1198 interitum

371 1265 598 1327 usque,
659 1245 1036 1326 Langobardi
1095 1246 1192 1307 vel
1248 1244 1520 1324 pluribus
1581 1244 1836 1308 saeculis
1882 1244 2160 1319 ulterius,
2219 1252 2397 1328 atque

368 1358 581 1420 Franci
609 1364 928 1445 postquam
960 1355 1214 1418 Galliam
1252 1373 1622 1435 occupavere
1665 1356 1765 1418 diu
1802 1359 2217 1420 intemeratum
2252 1363 2395 1421 reti-

365 1475 593 1531 nerent.
688 1464 821 1530 Sed'
839 1470 901 1529 in
932 1466 1215 1545 Hispania
1244 1465 1561 1544 visigothi,
1591 1464 1701 1528 sed
1731 1465 1908 1546 Angli
1938 1475 2000 1528 et
2031 1468 2297 1530 Saxones
2331 1473 2393 1531 in

366 1582 665 1645 Britannia
696 1583 854 1644 haud
884 1582 1070 1643 multo
1102 1588 1245 1660 post
1279 1579 1510 1640 cladem
1541 1578 1713 1639 alteri
1758 1579 1833 1640 ad
1864 1578 2062 1641 Xerez
2108 1580 2279 1641 alteri
2316 1582 2396 1643 ad

365 1692 643 1772 Hastings
677 1692 791 1753 sibi
822 1691 1077 1762 illatam,
1128 1691 1366 1768 utrique
1405 1689 1666 1768 patrium
1697 1707 2042 1751 sermonem
2074 1689 2391 1753 dediscen-

361 1813 455 1869 tes
487 1824 625 1868 cum
659 1805 790 1868 aliis
822 1804 1097 1884 gentibus
1149 1804 1531 1875 coaluerunt,
1582 1802 1742 1865 unde
1788 1821 2077 1866 novarum
2125 1806 2393 1885 gentium

361 1938 628 2002 propago
662 1918 979 1982 succrevit.

536 2031 683 2095 Inde
730 2031 804 2096 ab
841 2030 1138 2102 Arminio,
1191 2033 1293 2111 qui
1322 2031 1554 2110 primus
1587 2047 1936 2109 magnorum
1978 2031 2041 2092 in
2074 2030 2391 2095 Germania

360 2129 626 2207 'virorum
656 2143 732 2207 ad
760 2147 1030 2204 nostram
1060 2144 1416 2203 memoriam
1446 2140 1753 2211 inclaruit,
1784 2141 2106 2203 illustrium
2139 2142 2386 2206 Germa-

358 2274 575 2319 nomm
600 2253 831 2340 effigies
866 2252 1155 2316 artificum
1183 2251 1559 2333 popularium
1589 2270 1769 2314 manu
1798 2252 2103 2326 formatae,
2136 2256 2251 2328 vel,
2284 2258 2388 2319 ubi

355 2367 551 2432 vultus
590 2366 666 2429 ad
704 2364 1041 2445 aequalium
1079 2364 1371 2443 imagines
1415 2364 1663 2442 exprimi
1710 2382 1834 2425 non
1871 2364 2088 2450 licuit,
2142 2345 2389 2429 nomina

356 2481 572 2544 saltem
602 2479 847 2541 aheneis
878 2475 1071 2540 literis
1098 2478 1451 2555 consignata
1478 2478 1544 2537 in
1589 2477 1896 2558 communi
1926 2455 2230 2541 Walhalae
2278 2481 2385 2541 he-

354 2609 464 2654 roo
484 2587 961 2669 fconspiciuntur.
1052 2586 1213 2649 Nulli
1260 2587 1421 2660 vitae
1448 2563 1685 2667 generi,
1728 2604 1842 2650 nec
1889 2589 2169 2650 muliebri
2213 2591 2383 2652 sexui
2467 2599 2480 2604 ‘

355 2703 546 2768 aditus
577 2702 967 2773 interclusus,
992 2717 1199 2779 aequa
1241 2702 1529 2762 consortii
1567 2701 1797 2763 heroici
1838 2702 2213 2765 conditione:
2262 2710 2382 2765 ter-

350 2832 629 2881 renarum
657 2832 858 2877 rerum
886 2813 1229 2877 discrimina
1259 2819 1457 2875 morte
1486 2820 1907 2894 exaequantur.
1982 2815 2193 2894 Neque
2225 2815 2380 2878 alius

349 2926 576 2989 ibidem
622 2926 897 2988 locorum
944 2924 1455 3004 assignandorum
1504 2925 1653 2988 ordo
1704 2932 2003 2997 servatur,
2048 2943 2225 3005 quam
2274 2929 2382 3007 qui

347 3042 806 3121 vitaeexpletae
839 3046 901 3101 et
931 3042 1268 3118 capessitae
1298 3041 1662 3102 aeternitatis
1696 3038 1794 3101 die
1834 3040 2132 3128 definitur.
2207 3081 2212 3086 -

497 3145 831 3239 Illustrilms
850 3153 1009 3214 inter
1032 3150 1365 3213 Germanos
1384 3154 1527 3214 viris
1552 3158 1963 3213 consecratam
1986 3153 2139 3213 hanc
2159 3151 2379 3214 aedem

346 3264 685 3343 quicunque
710 3263 1042 3326 Germanus
1073 3264 1398 3334 intraverit,
1431 3247 1769 3341 germanior
1801 3268 1862 3326 et
1890 3280 1960 3323 se
1992 3264 2124 3343 ipso
2154 3263 2378 3325 melior

343 3376 617 3457 ingresso
650 3375 999 3455 egrediatur.
1067 3374 1266 3438 Locus
1294 3372 1593 3440 universis
1626 3377 2002 3454 germanicae
2036 3376 2237 3454 stirpis
2269 3394 2375 3436 na-

340 3485 607 3551 tionibus
639 3505 814 3550 sacer
844 3495 997 3561 esto,
1028 3491 1331 3551 communi
1360 3491 1538 3568 patrii
1568 3488 1868 3550 sermonis
1895 3488 2375 3567 vinculoconso—

343 3598 543 3669 ciatis,
573 3599 735 3677 quod
766 3599 1008 3678 quidem
1033 3599 1130 3661 vel
1163 3601 1392 3669 solum,
1425 3596 1653 3677 reliqua
1685 3615 1974 3678 compage
2005 3599 2237 3659 etiamsi
2271 3617 2373 3660 so-

224 3775 233 3792 ,
337 3708 477 3780 luta,
513 3706 846 3782 disiunctos
879 3710 1223 3790 coniungat:
1260 3708 1564 3771 sermonis
1604 3709 1764 3771 enim
1791 3708 2136 3771 communio
2159 3707 2372 3769 arctis-

339 3824 492 3887 sima
508 3824 858 3890 *animorum
889 3822 1297 3902 necessitudo.

511 3933 751 4018 Brevia,
783 3936 1120 4023 quaeinfra
1140 3938 1372 4015 ‚scripta
1401 3935 1718 4024 habentur,
1751 3938 2016 4026 virorum
2045 3933 2372 4026 illustrium
2464 3992 2470 3996 .
