2674 4449
1288 240 1378 310 56

336 428 569 507 imperii
616 426 764 490 fines
810 425 1004 488 solem
1042 442 1163 488 non
1208 425 1584 490 occidentem
1625 428 1851 497 habuit,
1897 429 2121 487 tantum
2151 425 2339 489 abfuit

240 569 250 579 ·
336 547 401 602 ut
439 540 653 618 opibus
694 537 1046 608 abundaret,
1107 544 1170 600 ut
1200 538 1357 602 haud
1405 541 1594 601 semel
1637 539 1839 601 tricies
1878 536 2038 600 mille
2080 536 2336 600 militum

334 653 614 715 exercitui
647 651 861 716 alendo
891 653 1083 733 impar
1113 661 1307 725 esset:
1343 654 1418 716 ob
1444 669 1692 734 eamque
1713 671 1952 721 causam
1975 651 2147 713 militi
2176 651 2336 713 haud

334 785 468 829 raro
512 768 866 848 obsequium
915 770 1148 831 exuenti
1187 769 1489 832 confidere
1538 787 1658 831 non
1700 767 1908 848 potuit.
2014 765 2331 830 Libertatis

331 878 631 960 popularis
660 879 937 942 inimicus
970 881 1312 959 Hispaniam
1343 887 1541 942 vetere
1581 880 1671 943 rei
1702 879 1974 961 publicae
1999 878 2189 940 forma
2214 882 2332 960 pri·

330 996 504 1057 vavit.
594 992 971 1056 Postremum
1000 1013 1254 1074 corpore
1283 995 1572 1058 invalidus
1605 1003 1665 1058 et
1701 1013 1881 1075 quum
1921 995 2215 1057 fortunam
2243 1002 2334 1059 to-

329 1110 444 1169 ties
473 1107 735 1171 invidam
753 1117 1026 1190 expertus
1048 1117 1213 1173 esset
1243 1113 1422 1174 etiam
1444 1110 1619 1177 animi
1645 1108 2007 1190 aegritudine
2026 1107 2331 1173 confectus

334 1227 509 1300 atque
542 1238 717 1301 quam
748 1220 934 1285 fluxus
969 1229 1027 1284 et
1058 1224 1245 1285 inanis
1283 1222 1381 1285 vel
1410 1224 1696 1286 maximus
1727 1241 1925 1286 rerum
1952 1223 2334 1286 humanarum

335 1333 616 1415 splendor
667 1344 832 1399 esset
878 1337 1159 1410 edoctus,
1225 1339 1549 1420 Imperator
1594 1339 1809 1419 inclyta
1856 1337 2330 1418 Habsburgorum

333 1448 520 1529 stirpe
571 1456 731 1513 ortus
774 1457 833 1513 et
878 1453 971 1515 cui
1003 1453 1162 1534 Papa
1195 1454 1403 1518 ultimo
1440 1456 1593 1525 inter
1620 1453 2017 1535 Imperatores
2058 1470 2330 1514 romanos

333 1581 614 1625 coronam
643 1565 956 1644 imposuit,
1013 1585 1259 1653 regnum
1293 1568 1584 1630 abdicavit
1618 1575 1678 1629 et
1708 1570 1766 1627 in
1801 1567 2335 1645 Hieronymitarum

332 1681 759 1742 monasterium
798 1679 999 1742 Sancti
1030 1680 1180 1771 Justi
1217 1683 1460 1743 nomine
1490 1680 1828 1761 insignitum
1861 1681 1922 1740 in
1958 1679 2238 1760 Hispania
2270 1698 2341 1741 se

331 1789 581 1862 abdidit,
615 1791 679 1854 in
710 1811 827 1873 quo
860 1793 1043 1856 altero
1074 1801 1215 1876 post
1241 1812 1398 1857 anno
1434 1793 1590 1857 diem
1624 1811 1965 1876 supremum
1996 1791 2155 1854 obiit.

1069 2138 1598 2208 Guilelmus,

894 2251 1210 2327 Princeps
1270 2251 1772 2314 Arausionensis

908 2381 911 2382 ⁷
940 2364 1191 2430 Belgicae
1227 2366 1489 2420 libertatis
1528 2371 1723 2418 auctor.

511 2481 872 2554 Guilelmus,
932 2486 1212 2566 princeps
1258 2484 1712 2549 Arausionensis
1751 2504 1822 2547 ex
1853 2486 2086 2566 antiqua
2114 2482 2337 2547 Nasso-

332 2596 561 2660 viorum
612 2597 891 2675 prosapia
936 2596 1220 2658 oriundus
1266 2597 1460 2677 quum
1489 2600 1549 2659 in
1595 2596 1781 2661 Gallia
1814 2600 1991 2660 obses
2024 2598 2338 2660 consilium

333 2707 602 2771 omnium
638 2707 1098 2771 Protestantium
1129 2708 1518 2771 delendorum
1550 2728 1584 2772 a
1616 2709 1800 2772 Gallis
1834 2717 1893 2772 et
1920 2709 2200 2790 Hispanis
2229 2712 2338 2772 ini-

331 2830 457 2886 tum
490 2823 901 2904 comperisset,
933 2822 1202 2903 Belgium
1230 2822 1628 2904 Hispanorum
1658 2826 1921 2904 potentia
1951 2823 2204 2886 liberare
2236 2822 2339 2885 de-

335 2940 536 3002 crevit.
629 2939 846 3019 Regius
886 2942 1144 3021 quinque
1176 2940 1609 3021 provinciarum
1642 2940 2008 3003 Gubernator
2037 2930 2339 3012 invidiam,

334 3054 394 3115 in
434 3071 611 3133 quam
641 3037 894 3131 Hispani
937 3053 1094 3115 haud
1122 3054 1422 3115 immerito
1461 3061 1767 3125 venerant,
1830 3029 2005 3115 etiam
2036 3055 2223 3131 magis
2253 3054 2340 3113 in-

337 3165 593 3230 cendere
625 3167 866 3231 studuit.
960 3164 1101 3230 Mox
1126 3174 1349 3230 tantum
1380 3168 1587 3239 valuit,
1619 3176 1684 3231 ut
1716 3165 2030 3230 Granvella
2060 3165 2340 3230 Cardina-

336 3285 411 3347 lis
441 3282 754 3363 aliquando
800 3289 935 3346 nata
965 3284 1282 3346 occasione
1326 3282 1472 3345 nihil
1503 3283 1799 3364 antiquius
1829 3281 2100 3352 haberet,
2163 3286 2340 3360 quam

338 3415 655 3478 quaerere:
703 3416 776 3459 an
814 3395 1055 3464 Tacitus
1089 3397 1230 3479 (quo
1261 3399 1503 3460 nomine
1538 3397 1862 3461 Guilelmus
1894 3394 2208 3476 significari
2243 3412 2340 3455 so-

333 3509 516 3590 lebat)
536 3519 754 3592 ⁴captus
788 3518 989 3586 esset3
1039 3513 1259 3595 quippe
1293 3531 1429 3576 eum
1459 3532 1638 3578 unum
1667 3513 1851 3592 pluris
1884 3517 2010 3574 erat
2041 3510 2340 3590 captivum

336 3623 555 3694 haberi,
588 3642 766 3704 quam
793 3624 1057 3705 reliquos
1089 3627 1343 3707 partium
1373 3627 1554 3688 duces
1588 3641 1813 3687 omnes.
1864 3622 1989 3689 Sed
2019 3629 2340 3702 postquam

336 3736 599 3798 Albanus
649 3737 809 3809 Dux,
889 3739 1095 3819 genius
1147 3739 1249 3802 ille
1300 3738 1651 3809 exstinctor,
1730 3721 1798 3799 in*
1838 3736 2106 3815 Belgium
2155 3734 2337 3805 venit,

339 3849 668 3914 Guilelmus
712 3852 774 3914 in
819 3851 1193 3916 Germaniam
1237 3854 1537 3934 profectus
1582 3826 1907 3915 doctrinam
1946 3850 2169 3914 Calvini
2212 3865 2334 3909 am·
2417 3916 2421 3920 ⁴

337 3962 542 4046 plexus
575 3971 683 4030 est.
764 3963 833 4030 In
860 3966 1130 4050 Belgium
1159 3966 1343 4030 redux
1372 3967 1635 4030 omnium
1663 3965 2095 4047 provinciarum
2122 3962 2335 4024 libera-
