2674 4449
1264 266 1351 331 68

294 445 488 509 adbuc
515 445 707 507 victus.
736 449 895 515 erat,
935 441 1157 506 devicit
1186 443 1585 507 celeberrimo
1615 442 1753 514 illo,
1795 442 1956 520 quod
1986 428 2322 508 libertatem

293 556 567 633 Europae
604 552 887 624 reddidit,
924 553 997 614 ad
1030 554 1316 633 oppidum
1349 546 1445 615 oui
1474 571 1696 617 nomen
1730 559 1825 613 est
1850 552 2321 624 Belle-alliance,

294 664 545 748 proelio.
610 666 1017 745 Wellingtonii
1050 671 1377 738 exercitae,
1422 669 1482 729 in
1516 684 1635 747 quo
1667 667 1855 727 maior
1886 666 2320 729 Germanorum

297 792 474 854 quam
504 772 828 853 Anglorum
859 794 1176 847 numerus,
1209 778 1325 838 nisi
1356 775 1724 837 Bluecherus
1758 774 2037 837 auxilium
2066 775 2321 847 tulisset,

296 889 594 969 periturus
629 893 773 949 erat.
854 887 994 950 Plus
1028 891 1219 951 semel
1253 907 1549 951 summam
1579 904 1779 950 rerum
1809 889 1869 949 in
1900 888 2095 973 aleam·
2122 887 2324 961 dedit3

294 996 398 1059 alii
430 996 688 1060 fortasse
718 997 873 1060 belli
892 998 1078 1061 duces
1107 998 1486 1070 detrimenta,
1522 1015 1674 1078 quae
1696 997 2064 1060 Bluecberus
2102 1014 2321 1076 passus

298 1114 410 1178 est,
446 1106 829 1188 effugissent;
861 1127 1044 1171 nemo
1073 1127 1281 1171 eorum
1304 1125 1378 1169 ex
1397 1110 1674 1170 omnibus
1693 1114 1784 1168 tot
1800 1113 2098 1168 tantorum
2117 1122 2328 1185 regum

299 1221 659 1284 exercitibus
708 1222 804 1286 vel
854 1222 1103 1285 omnino
1153 1222 1249 1287 vel
1297 1229 1421 1284 tam
1470 1212 1587 1282 cito
1638 1227 1803 1281 certe
1854 1218 2099 1300 quidem
2147 1238 2328 1299 quam

298 1330 667 1394 Bluecberus
702 1339 965 1412 optatam
991 1339 1214 1395 metam
1244 1335 1438 1395 victor
1464 1336 1847 1393 assecuturus
1878 1336 2021 1392 erat.
2070 1328 2164 1391 Ad
2183 1347 2329 1391 con·
2415 1390 2422 1393 ,

300 1443 438 1505 silia
480 1442 777 1505 bellorum
821 1445 1144 1506 artificiose
1196 1443 1562 1523 designanda
1611 1442 1911 1520 ingenium
1960 1441 2089 1503 eius
2134 1443 2332 1502 minus

302 1559 534 1632 aptum;
581 1553 692 1615 sed
723 1555 784 1615 in
815 1557 946 1617 acie
977 1570 1244 1635 pugnans
1281 1571 1492 1615 omnes
1525 1555 1857 1632 superavit:
1899 1570 2097 1631 neque
2142 1559 2267 1613 tam
2296 1570 2335 1612 e

301 1662 592 1724 librorum
623 1661 1025 1726 voluminibus
1059 1680 1235 1742 quam
1266 1680 1339 1723 ex
1368 1662 1667 1725 bellorum
1706 1681 1819 1724 usu
1848 1663 2073 1724 bellare
2107 1660 2335 1723 didicit.

304 1772 415 1834 Vel
447 1787 631 1833 senex
661 1778 929 1834 mentem
958 1791 991 1835 a
1017 1774 1470 1852 praeoccupatis
1502 1771 1889 1848 opinionibus
1921 1771 2171 1831 liberam
2203 1788 2335 1830 ser-

304 1885 472 1946 vavit.
516 1960 520 1964 ⁸
565 1884 917 1949 valetudine
959 1902 1066 1964 per
1106 1882 1406 1946 bellorum
1446 1881 1686 1943 labores
1727 1883 1896 1945 firma
1934 1868 2106 1952 usus,
2165 1883 2335 1960 pacis

305 1999 577 2073 tempore
607 1996 993 2075 languescere
1025 1997 1230 2078 coepit
1257 2001 1448 2085 atque
1469 1998 1530 2056 in
1563 1994 1782 2057 Silesia
1803 1992 1963 2056 diem
1984 2012 2335 2074 supremum

310 2104 473 2167 obiit.

403 2432 777 2495 carolus
822 2433 1253 2511 Princeps
1300 2436 1412 2497 (le
1462 2435 2241 2511 Schwarzenberg.

493 2564 1100 2647 Schwarzenbergius
1130 2567 1450 2646 primarius
1480 2570 1541 2629 in
1570 2568 1744 2629 bellis
1776 2568 2032 2630 Turcico
2070 2575 2130 2629 et
2161 2567 2346 2629 Galli—

316 2676 405 2737 cis
438 2675 773 2755 praeliator,
805 2683 1019 2756 postea
1049 2677 1125 2738 ab
1155 2677 1522 2757 imperatore
1539 2675 1663 2741 ‘suo
1696 2681 1880 2768 missa
1915 2678 2102 2739 Gallis
2134 2678 2349 2739 auxilia

314 2805 437 2848 non
466 2788 683 2849 minori
719 2787 1036 2868 prudentia
1073 2808 1251 2870 quam
1282 2789 1498 2852 virtute
1530 2790 1711 2853 duxit.
1771 2789 1980 2868 Neque
2011 2791 2208 2850 minus
2234 2790 2347 2849 bo-

246 2909 249 2910 ’
316 2920 460 2963 num
491 2919 642 2981 pace
674 2910 978 2974 oratorem
1007 2904 1279 2981 pluribus
1311 2884 1707 2983 legationibus
1741 2904 2039 2981 susceptis
2072 2921 2140 2964 se
2171 2920 2346 2982 prae·

320 3012 488 3073 stitit.
564 3011 893 3092 Postquam
922 3011 1157 3074 Austria
1194 3031 1407 3092 magno
1440 3023 1644 3077 contra
1673 3013 2083 3092 Napoleonem
2114 3012 2349 3075 foederi

320 3124 608 3201 accessit,
655 3123 1219 3202 Schwarzenber'gio
1265 3141 1503 3186 summo
1537 3131 1885 3186 cunctorum
1930 3123 1989 3183 in
2030 3122 2353 3184 Germania

321 3231 684 3295 exercituum
712 3234 1156 3296 foederatorum
1182 3234 1336 3297 duce
1366 3252 1532 3296 sacra
1554 3234 1909 3296 Germaniae
1938 3250 2113 3294 causa
2140 3234 2351 3293 victrix

322 3348 549 3408 exstitit
580 3353 640 3409 et
667 3354 755 3408 tot
789 3348 1149 3427 populorum
1178 3352 1237 3411 in
1269 3349 1505 3430 proelio
1535 3348 1839 3429 Lipsiensi
1870 3365 2195 3417 concursu,
2228 3364 2349 3425 quo

231 3517 235 3521 .
322 3459 551 3521 nullum
590 3459 955 3539 praeclarius
1002 3462 1278 3534 habetur,
1327 3465 1518 3542 patria
1563 3464 1624 3523 in
1668 3461 2005 3522 libertatem
2054 3457 2353 3522 vindicata

320 3576 438 3632 est.
534 3574 714 3634 Cuius
734 3565 976 3653 *proelii
997 3577 1223 3659 utinam
1258 3576 1588 3639 Germanus
1628 3594 1701 3636 ne
1734 3574 1858 3635 ullo
1891 3581 2166 3652 tempore
2199 3570 2353 3631 obli-

323 3682 601 3755 viscatur,
633 3701 747 3746 nec
778 3687 992 3766 quibus
1026 3688 1227 3751 causis
1257 3689 1410 3748 haec
1429 3688 1766 3766 'necessitas
1797 3682 2048 3747 adducta
2080 3689 2141 3743 et
2170 3683 2353 3742 victo-

326 3792 418 3856 ria
447 3796 687 3858 tandem
717 3806 883 3878 parta
916 3804 1009 3863 sit.
1106 3800 1703 3878 Schwarzenbergius
1737 3800 1796 3859 in
1817 3796 2045 3859 Galliae
2077 3799 2354 3874 penetra-

248 3913 273 3962 ?
326 3907 405 3971 lia
436 3927 792 3991 progressus
824 3920 937 3985 est,
983 3930 1133 3994 quae
1161 3919 1319 3975 nunc
1347 3913 1607 3991 primum
1633 3910 1897 3972 victricia
1923 3908 2359 3971 Germanorum
