2674 4449
1316 258 1401 324 52

358 442 835 514 commendatus,
868 442 927 503 in
959 437 1538 520 Italiamprofectus,
1567 443 1695 502 tota
1726 456 1796 501 ea
1825 441 1983 518 gravi
2010 438 2170 503 bello
2199 441 2357 520 poti-

357 568 483 632 tus,
548 578 665 642 quo
712 560 891 622 tutius
933 576 967 620 a
1005 556 1272 621 barbaris
1313 549 1689 627 defenderet,
1738 555 2044 618 Rhaetiam
2093 573 2355 637 quoque,

354 673 664 745 Noricum,
743 663 1093 734 Dalmatiam
1136 677 1205 733 et
1253 668 1613 731 Pannoniam
1660 667 1839 730 armis
1885 667 2057 747 cepit.
2147 667 2358 732 ltaliae

352 789 510 870 regis
542 805 784 850 nomem
811 786 927 848 sibi
957 785 1235 859 adscivit3
1274 801 1558 865 paparum
1599 784 1928 845 creationes
1956 784 2068 844 etsi
2096 781 2355 846 Arianus

355 900 640 979 sancivit3
672 898 955 962 Romanis
986 916 1107 960 non
1140 898 1334 961 minus
1367 914 1544 976 quam
1576 894 1785 958 Gothis
1822 894 2072 958 liberum
2111 895 2352 976 religio-

351 1032 510 1084 num,
542 1012 742 1092 legum
774 1029 1011 1074 suarum
1040 1011 1253 1091 cuique
1283 1026 1458 1072 usum
1488 1008 1785 1088 permisit3
1817 1009 2050 1071 tertiam
2077 1027 2356 1090 agrorum

351 1136 581 1209 partem
604 1125 818 1189 Gothis
852 1125 1188 1206 assignavit.
1252 1124 1376 1187 Sed
1407 1124 1556 1188 adeo
1594 1106 1893 1186 Romanae
1919 1123 2135 1187 indolis
2165 1124 2354 1187 decus

349 1239 851 1310 iamconciderat,
877 1246 944 1301 ut
955 1238 1257 1301 Romanus
1277 1236 1371 1301 vel
1389 1236 1620 1300 barbari
1639 1238 1793 1316 regis
1814 1236 1981 1299 iussu
1998 1235 2070 1299 ab
2103 1234 2349 1300 aedibus

348 1354 603 1436 publicis
636 1351 938 1415 diruendis
968 1336 1314 1414 retinendus
1347 1356 1529 1412 esset.
1596 1346 1735 1429 lpse
1767 1367 1948 1430 opera
1982 1348 2217 1429 publica
2248 1368 2342 1434 ve-

345 1472 556 1530 tustate
587 1465 850 1545 collapsa
880 1464 1225 1534 restaurari,
1243 1480 1399 1525 nova
1429 1463 1647 1526 exstrui
1682 1463 1868 1525 iussit.
1925 1461 2137 1524 Gothis
2166 1459 2338 1532 nulla,

348 1580 511 1644 Italis
540 1579 779 1665 modica
804 1579 1020 1642 tributa
1050 1597 1084 1641 a
1116 1576 1494 1669 Theodorieo
1523 1577 1986 1658 imperabantur,
2039 1578 2140 1657 qui
2186 1593 2346 1656 mag-

344 1713 487 1757 num
518 1711 718 1774 regem
751 1695 815 1756 in
842 1710 1081 1765 omnes,
1121 1698 1184 1755 et
1213 1692 1269 1754 si
1297 1708 1519 1771 paucos
1552 1693 1887 1771 exceperis,
1930 1692 2106 1755 etiam
2143 1693 2353 1764 mitem

347 1825 416 1869 se
446 1806 733 1887 praebuit.

1053 2147 1587 2214 BonifaeIus.

519 2277 868 2345 winfridum
895 2281 1087 2363 Anglo
1105 2318 1129 2367 ἢ
1148 2284 1443 2347 Saxonem
1472 2287 1592 2347 iam
1622 2290 1847 2346 mature
1877 2279 2220 2348 monasterii
2250 2287 2342 2349 in-

341 2390 563 2466 trandi,
610 2394 824 2458 deinde
869 2395 1062 2459 divina
1104 2405 1425 2479 praecepta
1454 2398 1680 2484 Frisios
1724 2398 1976 2461 docendi
2008 2399 2221 2480 cupido
2249 2399 2340 2462 in-

341 2511 544 2570 cessit.
644 2508 860 2572 Tribus
908 2511 1137 2574 vicibus
1198 2515 1453 2576 Romam
1501 2515 1829 2594 profectus,
1888 2517 2079 2597 primo
2140 2518 2338 2580 statim

339 2617 592 2681 adventu
622 2620 874 2702 Legatus
901 2621 963 2684 in
991 2621 1367 2687 Germaniam
1392 2626 1613 2687 missus
1644 2633 1765 2701 est3
1798 2634 2009 2708 postea
2037 2628 2098 2691 in
2127 2629 2340 2693 urbem

338 2731 558 2793 accitus
586 2738 650 2793 ut
679 2731 817 2794 fidei
848 2734 1287 2812 professionem
1318 2755 1521 2800 coram
1551 2737 1707 2818 Papa
1739 2738 1972 2813 ederet,
2020 2741 2340 2822 episcopus

335 2847 396 2905 in
430 2843 805 2909 Germaniam
834 2850 1025 2913 rediit.
1103 2852 1394 2918 Bonifacii
1423 2871 1641 2916 nomen
1670 2856 1960 2917 incertum
1989 2862 2181 2920 utrum
2220 2877 2341 2921 una

339 2977 473 3020 cum
527 2963 795 3043 episcopi
845 2955 1122 3045 dignitate
1170 2985 1242 3028 an
1293 2967 1430 3030 dum
1485 2965 2005 3033 Benedictinorum
2064 2970 2339 3034 sodalitio

337 3069 718 3147 adscribitur,
770 3082 1010 3148 nactuS,
1058 3077 1198 3140 huic
1231 3078 1458 3142 nomini
1500 3081 1681 3143 rebus
1713 3098 1747 3144 a
1778 3100 1844 3143 se
1876 3083 2059 3163 gestis
2100 3085 2335 3165 egregie

332 3173 660 3264 respondit.
697 3187 915 3251 Sacrae
943 3189 1073 3251 sedi
1091 3191 1271 3254 fidem
1301 3194 1428 3255 iure
1463 3191 1710 3256 iurando
1744 3194 2035 3275 obligavit.
2069 3195 2339 3259 Tertium

331 3294 520 3360 Roma
558 3298 623 3360 in
667 3297 1043 3367 Germaniam
1083 3319 1358 3366 reversus
1398 3307 1705 3369 universae
1750 3306 2043 3371 ecclesiae
2090 3298 2337 3372 Germa-

328 3411 498 3471 nicae
541 3429 821 3492 praeseS,
873 3432 1011 3476 mox
1052 3414 1614 3499 archiepiscopalem
1660 3418 1869 3483 sedem
1897 3419 2336 3503 Moguntiacam

329 3526 673 3606 occupavit,
722 3542 874 3605 quae
911 3528 1226 3606 primatum
1263 3549 1375 3610 per
1415 3536 1597 3595 totam
1643 3532 2014 3598 Germaniam
2060 3538 2334 3600 etsi.non

328 3634 603 3695 omnibus
633 3637 1118 3713 assentientibus,
1165 3649 1336 3705 nacta
1368 3650 1475 3706 est.
1565 3643 1924 3727 Merovingis
1956 3666 2137 3730 regno
2170 3650 2330 3711 avito

323 3743 514 3823 pulsis
544 3743 883 3812 Bonifaeius
916 3750 1188 3832 Pipinum
1217 3770 1415 3816 rerum
1446 3757 1692 3837 potitum
1716 3738 2076 3823 Francorum
2104 3779 2326 3840 regem,

322 3855 480 3937 Papa
525 3865 792 3944 auctore,
855 3883 1028 3928 sacro
1069 3868 1204 3930 oleo
1245 3868 1487 3933 inunxit.
1578 3871 1646 3933 In
1673 3871 1911 3935 Bavaris
1944 3864 2327 3938 christianam

319 3968 671 4049 religionem
699 3978 941 4057 paganis
972 3982 1492 4060 superstitionibus
1533 3984 1923 4048 intermixtam
1956 3986 2299 4050 emendavit
2309 4006 2325 4059 ;
