2674 4449
351 475 517 552 signa
546 470 813 549 Parisiis,
844 467 1012 545 regni
1041 466 1238 545 capiti,
1270 467 1431 530 illata
1461 470 1622 532 vidit.
1672 469 1958 531 Deiectus
1989 472 2101 532 hac
2130 472 2376 534 victoria

349 585 618 665 Napoleo
665 598 848 664 quum
892 585 1158 661 proxime
1214 587 1490 663 sequenti
1547 602 1700 646 anno
1762 583 1958 645 denuo
2018 584 2375 663 insurgeret,

352 700 568 761 iterum
598 702 659 757 et
688 710 847 757 nunc
879 667 1220 774 quidemin
1265 704 1623 776 perpetuum
1661 681 2229 773 Schwarzenbergio
2261 696 2378 758 Au-

353 808 551 869 striaci
582 808 875 869 exercitus
909 806 1059 867 duce
1091 805 1365 870 devictus
1399 817 1509 872 est.
1559 811 1787 872 Virtute
1807 784 2025 870 bellica
2042 827 2163 869 non
2183 809 2382 869 minus

355 926 532 998 quam
561 917 924 979 humanitate
955 918 1232 997 insignis;
1263 922 1355 982 vir
1384 920 1604 990 honus,
1640 919 1832 981 comis
1866 927 1928 981 et
1961 921 2062 999 qui
2094 920 2186 980 sui
2220 934 2382 979 com·

353 1031 986 1094 modi-oblivisceretur
1004 1040 1068 1094 ut
1089 1034 1394 1095 communi
1410 1033 1648 1095 utilitati
1667 1033 2003 1095 inserviret.
2034 1029 2112 1093 Ut
2133 1033 2377 1091 omnino

355 1151 564 1208 hostes
593 1144 933 1222 fugarentur
962 1142 1060 1205 vel
1089 1145 1377 1216 maxime,
1411 1151 1609 1207 utrum
1642 1162 1675 1206 a
1716 1162 1784 1206 se
1818 1162 1890 1206 an
1924 1145 1995 1205 ab
2028 1144 2144 1205 alio
2174 1158 2385 1222 parum

353 1259 612 1326 referre,
658 1254 863 1316 dicere
894 1254 1152 1326 solebat;
1197 1258 1492 1334 imprimis
1531 1263 1854 1335 propterea
1885 1270 2131 1333 magnus
2163 1256 2254 1315 vir
2284 1252 2386 1313 ha-

355 1368 602 1447 bendus,
639 1366 797 1446 quod
833 1366 1067 1446 quoties
1102 1365 1287 1427 officii
1315 1369 1466 1428 ratio
1495 1374 1796 1446 posceret,
1828 1366 2020 1427 famae
2042 1363 2386 1426 discrimina
2505 1396 2511 1402 ·

357 1496 478 1539 non
505 1479 792 1539 extimuit.
862 1476 1014 1538 Belli
1045 1476 1263 1539 ducem
1295 1496 1527 1539 summa
1560 1496 1695 1539 cum
1725 1477 2016 1558 religione
2049 1477 2124 1538 de
2158 1472 2388 1536 occiso-

357 1609 489 1652 rum
519 1590 772 1652 militum
802 1592 922 1653 vita
952 1594 1247 1652 rationem
1292 1608 1323 1652 a
1354 1609 1423 1653 se
1454 1593 1691 1672 exigere
1724 1590 1972 1659 debere,
2028 1604 2387 1670 persuasum

359 1699 474 1761 sibi
506 1702 733 1772 habuit3
798 1718 910 1780 qua
949 1720 1087 1764 cum
1127 1702 1491 1765 humanitate
1533 1703 1958 1764 inconcussam
1988 1700 2178 1770 idem,
2243 1714 2389 1777 quo-

356 1813 472 1870 ties
507 1810 624 1870 sihi
656 1828 808 1888 opus
842 1811 1155 1886 videretur,
1189 1817 1587 1878 constantiam
1620 1817 1940 1877 coniunxit.
2002 1808 2236 1875 Bellum
2268 1827 2389 1871 non

361 1938 432 1980 ex
462 1924 799 1998 praeceptis
830 1924 890 1983 in
924 1926 1067 1984 artis
1100 1924 1353 1987 formam
1385 1926 1677 1996 redactis,
1732 1923 1838 1986 sed
1882 1942 1992 2004 pro
2039 1941 2107 1984 re
2138 1928 2273 1984 nata
2306 1927 2392 1981 31-ὁ

363 2048 478 2112 que
508 2038 574 2093 ut
603 2050 749 2094 usus
781 2041 1082 2112 posceret,
1115 2039 1446 2116 gerendum
1479 2053 1621 2099 esse
1653 2036 1833 2098 duxit.
1892 2034 2092 2097 Animi
2124 2035 2217 2094 sui
2250 2048 2394 2093 con·

296 2119 312 2131 θ
362 2142 577 2204 stantia
607 2150 669 2205 et
709 2142 960 2207 aliorum
992 2147 1222 2209 animos
1256 2150 1680 2212 confidentiam
1714 2147 1931 2218 attulit;
1978 2148 2041 2208 in
2080 2144 2260 2206 rebus
2297 2158 2395 2203 se-

364 2255 607 2328 cundis,
663 2256 933 2320 adversis
984 2278 1287 2340 nunquam
1337 2263 1432 2324 sui
1486 2260 1818 2322 dissimilis.
1923 2256 2395 2328 Praestantiores

304 2441 313 2454 1
352 2368 623 2430 fortasse
672 2370 733 2430 in
776 2367 1219 2433 foederatorum
1266 2370 1627 2435 exercitibus
1676 2363 1869 2431 duces·
1909 2368 2233 2438 inveneris3
2295 2365 2398 2446 qui

366 2478 682 2560 universis·
707 2497 992 2560 praeesse
1041 2487 1101 2542 et
1140 2499 1352 2543 omnes
1399 2482 1476 2543 ad
1529 2499 1849 2543 commune
1892 2477 2268 2560 propositum
2308 2494 2399 2537 re·

367 2607 510 2671 gere
543 2592 797 2662 valeret,
854 2598 1089 2669 praeter
1116 2594 1351 2671 ipsum,
1410 2594 1748 2655 nemiuem:
1811 2589 1975 2671 quod
2007 2588 2253 2669 quidem
2281 2604 2399 2649 non

368 2706 561 2767 minus
596 2705 1032 2768 aestimandum
1061 2712 1176 2767 est.
1253 2703 1444 2768 Multa
1469 2724 1581 2785 pro
1614 2706 1947 2767 comumis
1982 2718 2199 2764 causae
2231 2717 2400 2761 com-

369 2816 552 2878 modo
595 2817 867 2897 pertulit;
943 2814 1127 2877 multa
1170 2815 1388 2895 quibus
1438 2817 1514 2878 ad
1560 2816 1765 2877 intima
1808 2812 2158 2895 praecordia
2208 2830 2402 2891 usque

370 2930 739 3001 afficeretur,
770 2930 932 2992 vultu
960 2947 1082 2991 non
1112 2936 1337 2992 umato
1371 2930 1620 3009 pressit:
1669 2931 1884 3009 quibus
1918 2925 2230 2990 laboribus
2263 2943 2400 3018 per-

352 3042 635 3118 ferendis
670 3061 851 3123 quum
881 3041 1160 3105 valetudo
1190 3061 1314 3104 non
1345 3041 1679 3114 sufficeret,
1712 3045 1894 3105 vitam
1925 3040 2236 3120 impendit.

518 3357 529 3362 “
622 3345 1029 3410 Joannes
1075 3345 1569 3426 wolfgaug
1614 3346 1725 3406 (le
1774 3342 2184 3425 (sinente.⁴

558 3482 846 3545 Goethius
878 3482 1397 3554 Francofmtanus,
1431 3481 1626 3560 ampla
1658 3489 1720 3542 et
1751 3482 2005 3541 honesta
2031 3475 2255 3537 familia
2281 3473 2406 3553 ple-

380 3592 516 3654 beia
554 3592 870 3664 oriundus,
920 3593 1420 3673 iurisprudentiae
1468 3592 1668 3655 studio
1711 3610 1745 3653 a
1773 3596 1946 3671 patre
1977 3601 2097 3650 non
2131 3605 2164 3648 a
2205 3594 2408 3648 nutura

381 3712 628 3785 parente
658 3679 1015 3778 destinatus,
1047 3710 1213 3769 cuius
1244 3707 1561 3784 scientiam
1585 3705 1701 3767 sibi
1735 3703 2097 3783 comparavit
2116 3721 2141 3771 ,“
2157 3718 2276 3762 usu
2309 3699 2407 3760 ab·

385 3816 604 3878 stinuit.
698 3817 781 3877 Ex
810 3816 976 3880 ltalia
1003 3818 1186 3879 redux
1224 3818 1481 3898 propitia
1518 3814 1751 3877 fortuna
1781 3815 2130 3876 Wimariam
2160 3808 2407 3875 delatus,

386 3936 668 4007 receptus
687 3930 746 3993 in
778 3930 1232 3996 familiaritatem
1267 3930 1460 3994 Caroli
1489 3929 1735 4011 Augusti
1768 3930 1951 3993 Ducis
1972 3920 2408 3990 Wimariensis,
