2674 4449
1280 235 1366 306 55

315 425 639 488 ditionibus
671 421 1095 486 arcessebatur.
1179 419 1504 483 cardinalis
1535 412 1766 500 pileum'
1785 438 1819 482 a
1857 416 2037 482 Paulo
2068 416 2171 482 111.
2207 420 2324 485 sibl

234 540 239 544 ’
316 556 455 600 cum
496 537 671 598 lautis
710 533 1016 597 beneficiis
1065 532 1328 595 oblatum
1377 550 1588 614 magna
1637 551 1774 596 cum
1817 533 2134 601 modestia,
2193 551 2324 596 rara

314 651 471 713 inter
502 648 770 711 eruditos
802 648 1042 719 virtute,
1089 646 1452 709 detrectavit.
1512 645 1711 707 Animi
1740 646 1999 708 hilaritas
2028 663 2105 707 ne
2133 645 2194 707 in
2226 663 2321 707 ex·

313 766 537 826 tremo*
567 760 812 841 quidem
868 761 1077 823 morbo
1136 759 1473 821 vehementi
1521 757 1729 823 dolore
1776 764 1996 821 tortum
2044 759 2321 821 deseruit.

314 874 617 954 Religiose
659 874 913 944 vivebat,
972 871 1252 952 religiose
1284 868 1551 933 decessit
1590 870 1680 934 vir
1710 871 1943 933 meritis
1976 878 2035 935 et
2065 871 2321 933 auctori-

321 995 438 1054 tate
486 996 819 1071 praestans,
882 990 1049 1051 cuius
1092 985 1311 1067 scripta
1354 1003 1628 1051 mansura
1678 993 1812 1048 sunt
1856 1004 2036 1066 quum
2072 985 2189 1047 iam
2215 986 2324 1061 diu

316 1109 502 1170 rixosi
529 1109 652 1170 aevi
681 1106 839 1169 illius
876 1106 1010 1169 libri
1038 1110 1197 1166 extra
1227 1101 1625 1167 bibliothecas
1658 1101 1947 1167 eliminati
1978 1101 2210 1166 fuerint.
2313 1110 2320 1117 ·

1052 1445 1423 1510 Carolus
1489 1447 1584 1510 V.

483 1583 726 1646 Carolus
767 1584 1054 1647 vicesimo
1095 1587 1302 1648 aetatis
1351 1604 1506 1647 anno
1555 1601 1804 1664 regnum
1843 1582 2091 1662 adeptus
2139 1580 2322 1645 nimia

304 1699 529 1779 gloriae
563 1697 876 1777 cupiditate
902 1700 1134 1769 exarsit,
1170 1700 1266 1760 cui
1291 1697 1615 1780 explendae
1642 1696 1909 1778 quamvis
1937 1693 2318 1759 validissimis

310 1810 518 1886 opibus
551 1805 964 1888 Hispaniarum
995 1816 1054 1872 et
1083 1809 1457 1889 Burgundiae
1489 1812 1667 1872 heres
1698 1809 2057 1888 instructus,
2118 1812 2318 1869 tamen

310 1927 540 2008 imperii
567 1928 628 1989 in
656 1927 894 2008 Europa
923 1926 1076 1990 fines
1106 1931 1345 2006 nonnisi
1384 1930 1598 1992 ducatu
1624 1926 1984 1992 Mediolansi
2027 1931 2166 2004 post
2193 1943 2319 2005 gra-

310 2042 403 2103 via
431 2039 595 2102 bella
626 2058 658 2100 a
693 2057 761 2101 se
792 2047 958 2121 gesta
999 2043 1181 2112 auxit,
1217 2040 1360 2102 dum
1390 2041 1451 2101 in
1480 2039 1757 2115 America
1796 2055 1912 2099 nec
1953 2036 2212 2116 opinanti
2235 2043 2321 2111 ,et

309 2154 470 2218 aliud
501 2156 694 2237 agenti
724 2157 972 2218 maxima
1002 2158 1059 2218 ei
1089 2171 1270 2237 regna
1302 2155 1621 2237 obtingunt.
1694 2152 1818 2216 Sed
1848 2150 2036 2214 Gallia
2064 2132 2319 2230 impera-

305 2267 496 2333 toriae
540 2268 780 2331 ditionis
819 2270 1159 2349 regionibus
1189 2268 1540 2348 interposita
1584 2285 1719 2330 cum
1757 2266 2075 2350 Francisco
2116 2262 2163 2323 Ι.
2207 2281 2316 2326 suo

309 2397 483 2457 rege,
534 2379 726 2441 Caroli
756 2380 816 2441 in
845 2381 1118 2442 omnibus
1152 2379 1423 2459 aemulo,
1467 2381 1565 2443 vel
1595 2380 1655 2443 in
1700 2379 1907 2440 artium
1940 2374 2136 2438 studio
2169 2392 2315 2453 quas

310 2500 560 2573 uterque
602 2492 856 2565 fovebat,
919 2500 1094 2576 atque
1136 2513 1441 2575 sacrorum
1482 2512 1632 2576 quae
1664 2493 1872 2558 dicitur
1908 2492 1970 2553 in
2005 2488 2318 2551 Germania

309 2605 650 2668 reformatio
679 2605 926 2670 maxima
943 2608 1157 2671 Carolo
1189 2625 1390 2671 rerum
1416 2608 1808 2688 gerendarum
1839 2623 2079 2668 cursum
2107 2622 2315 2685 perse-

308 2721 506 2800 quenti
553 2717 978 2799 impedimenta
1028 2717 1362 2782 obstabant.
1455 2720 1748 2794 Quamdiu
1792 2718 2050 2800 regnavit
2093 2715 2317 2778 tamdiu

303 2831 463 2896 bella
493 2834 706 2911 gessit,
766 2833 1020 2912 plurima.
1052 2839 1255 2895 contra
1288 2830 1491 2894 Gallos
1533 2833 1594 2895 in
1626 2832 1787 2896 ltalia
1806 2879 1828 2913 ,
1895 2834 1954 2895 in
2003 2824 2315 2893 Germania

306 2952 513 3007 contra
542 2945 1012 3008 foederationem
1042 2935 1522 3018 Smalcaldicam,
1571 2955 1776 3010 contra
1806 2944 2028 3009 Turcas
2060 2947 2122 3007 in
2152 2943 2314 3006 Hun-
2383 2965 2404 2970 ·

304 3060 465 3139 garia
497 3076 820 3139 eorumque
853 3060 1181 3141 condignos
1213 3063 1274 3122 in
1304 3060 1502 3125 Africa
1544 3061 1818 3142 gentiles
1916 3059 2145 3134 Quibus
2187 3059 2313 3137 qui-

306 3170 447 3233 dem
478 3170 652 3233 bellis
678 3173 812 3250 ipse
842 3173 954 3235 dux
998 3173 1261 3236 interfuit
1290 3171 1455 3236 felici
1498 3174 1848 3254 plerumque
1890 3190 2177 3236 successu
2213 3192 2312 3253 ge-

306 3291 436 3355 sta;
488 3285 597 3346 sed
634 3304 931 3366 nunquam
961 3286 1152 3348 maior
1182 3305 1359 3367 quam
1389 3289 1447 3348 in
1497 3286 1677 3349 rebus
1710 3285 1977 3348 adversis
2023 3287 2311 3367 apparuit,

307 3417 489 3481 quum
530 3398 603 3460 ad
633 3398 930 3478 Algeriam
975 3399 1414 3461 ornatissimam
1459 3399 1717 3462 classem
1743 3405 2160 3480 tempestatum
2190 3402 2312 3463 vio-

305 3516 487 3577 lentia
531 3515 817 3584 deletam,
881 3534 948 3577 se
984 3516 1179 3594 ipsum
1223 3516 1282 3577 in
1315 3523 1579 3578 extremo
1621 3517 1775 3579 vitae
1806 3515 2152 3579 discrimine
2183 3535 2312 3580 ver-

309 3636 537 3690 santem
576 3627 817 3689 videret.
908 3627 1199 3692 infinitam
1237 3638 1297 3692 et
1326 3629 1572 3693 liberam
1618 3603 1680 3692 in
1713 3629 2029 3710 Germania
2061 3636 2123 3693 et
2148 3632 2312 3694 ltalia

308 3745 663 3819 potestatem
709 3741 1014 3821 appetivit,
1072 3741 1328 3805 fortasse
1376 3750 1786 3822 assecuturus,
1839 3744 1892 3805 si
1935 3742 2209 3807 fidentius
2252 3749 2313 3805 et

310 3856 564 3917 celerius
616 3878 791 3940 quam
837 3859 1203 3921 cunctantius
1254 3866 1313 3921 et
1359 3858 1703 3940 prudentius
1754 3878 1927 3940 agere
1980 3859 2307 3921 maluisset.

310 3967 561 4032 Multum
592 3973 680 4044 ei,
729 3990 919 4054 neque
951 3977 1152 4036 tamen
1183 3975 1328 4035 satis
1362 3972 1695 4038 calliditatis
1732 3975 1937 4059 inerat.
2002 3973 2129 4035 Etsi
2158 3972 2311 4033 intra
