2674 4449
1331 284 1418 354 34

545 514 561 531 .
597 513 613 530 .
649 512 665 530 .
702 465 915 531 .Veios
946 468 1085 546 post
1112 458 1322 529 urbem
1354 472 1585 547 captam
1615 467 1996 548 commigrari
2023 480 2241 550 passus
2267 485 2392 531 non

367 580 478 638 est.
521 571 790 636 Etruscis
823 572 1177 636 adSutrium
1211 567 1480 645 devictis.
1514 571 1737 653 Aequis
1771 581 1830 637 et
1850 574 2089 640 Volscis
2123 574 2391 638 subactis

362 689 606 752 tertium
634 686 1036 768 triumphavit.
1103 688 1285 762 Quart
1314 737 1328 751 .
1367 736 1383 752 .
1419 734 1435 752 .
1470 706 1537 752 se
1567 689 1832 755 Velitern
1852 736 1868 752 .
1892 736 1907 752 .
1931 737 1946 755 .
1965 738 1981 755 .

502 889 694 955 Veios,
739 887 842 940 hac
891 887 1014 955 ipsa
1058 888 1186 941 urbe
1223 892 1415 956 capta,
1446 889 1669 941 Romani
1706 889 2050 956 commigrare
2087 886 2396 954 cogitabant

363 975 660 1041 (Plutarch.
699 974 909 1026 Camill.
947 989 992 1026 c.
1016 971 1135 1038 11.)
1171 980 1325 1043 atque
1362 974 1550 1028 iterum
1583 974 1751 1028 Roma
1785 977 1913 1028 urbe
1949 991 1983 1027 a
2017 973 2194 1027 Gallis
2234 978 2396 1039 capta

363 1061 661 1125 (Plutarch.
707 1059 746 1112 l.
782 1060 818 1113 l.
872 1074 988 1126 cap.
1040 1061 1128 1111 31.
1166 1059 1221 1112 ὣ·
1256 1058 1405 1126 320:
1452 1066 1674 1131 utroque
1721 1066 1954 1127 tempore
1995 1059 2254 1114 Camillus
2289 1058 2394 1113 hoc

361 1147 479 1201 fleri
514 1162 617 1201 non
653 1152 738 1199 est
770 1157 991 1212 passus.
1029 1144 1097 1197 ci'.
1132 1144 1254 1198 Liv.
1290 1146 1361 1212 V,
1393 1148 1480 1199 30.

501 1233 771 1286 Etruscis
807 1232 878 1284 ad
911 1231 1065 1283 Sim.
1102 1230 1293 1284 deviet.
1329 1231 1521 1285 deviet.
1570 1231 1773 1299 Aequis
1809 1237 1907 1285 etc.
1993 1233 2072 1285 De
2105 1230 2195 1285 his
2228 1231 2391 1285 bellis

361 1320 685 1374 Plutarchus
720 1322 905 1370 narrat
937 1316 975 1368 l.
1011 1315 1049 1366 l.
1088 1330 1204 1382 cap.
1238 1317 1467 1369 33-37,
1505 1347 1567 1358 -
1604 1317 1852 1370 Ter-tium
1886 1317 2134 1386 triumph.
2182 1317 2393 1369 Camil-

363 1406 450 1458 lus
489 1405 543 1457 in
579 1403 886 1457 universum
922 1404 1142 1470 quatuor
1177 1401 1473 1468 triumphos
1499 1403 1829 1469 reportavit3
1866 1403 2084 1455 eundem
2116 1401 2267 1455 cuiue
2299 1400 2392 1455 hic

361 1491 556 1545 mentio
605 1493 666 1543 fit
714 1490 926 1542 tertium
979 1491 1383 1541 commemorant
1414 1488 1602 1541 Livius
1638 1490 1746 1556 VI,
1787 1492 1839 1541 4.
1877 1488 2162 1556 (Camillus
2197 1489 2389 1541 trium-

359 1581 532 1646 phans
568 1578 622 1629 in
658 1576 838 1629 urbem
874 1575 1058 1643 rediit,
1114 1577 1272 1631 trium
1307 1568 1468 1628 simul
1502 1575 1758 1628 bellorum
1791 1573 1989 1640 victor)
2031 1579 2085 1626 et
2116 1572 2389 1627 Plutarch.

361 1663 564 1717 Camill.
601 1677 712 1729 cap.
752 1663 839 1713 36.

497 1752 690 1815 Quart.
727 1746 1016 1800 Reinesiue
1053 1747 1108 1798 in
1142 1747 1281 1799 hunc
1316 1748 1522 1800 modum
1546 1746 1784 1814 supplet:
1821 1748 2107 1815 „Quartum
2126 1746 2191 1798 de
2213 1742 2387 1799 Gallis

361 1834 658 1889 Senonibus
692 1832 985 1886 Veliternis
1024 1831 1283 1886 deditione
1317 1827 1602 1899 receptis.“
1635 1832 1826 1886 Livius
1852 1833 1949 1899 VI,
1975 1832 2062 1886 42.
2100 1831 2165 1882 de
2203 1830 2389 1883 eadem

359 1937 419 1974 re
456 1922 590 1974 haec
626 1921 821 1973 tradit:
873 1921 1075 1986 „Quum
1109 1925 1322 1985 praeter
1357 1919 1680 1970 Velitrarum
1716 1917 2060 1983 obsidionem,
2092 1916 2234 1969 tardi
2270 1931 2388 1968 ma·-

360 2007 449 2072 gis
484 2021 597 2057 rem
633 2005 805 2059 exitus
843 2019 997 2071 quam
1033 2003 1195 2068 dubii,
1232 2002 1438 2068 quintae
1474 2007 1722 2053 externae
1757 2017 1848 2055 res
1866 2001 2136 2055 Romanae
2170 2005 2387 2052 essentt

356 2091 500 2142 fama
546 2101 737 2154 repens
788 2082 919 2138 belli
951 2087 1143 2140 Gallici
1180 2086 1348 2139 allata
1380 2088 1608 2153 perpulit
1643 2087 1941 2154 civitatem,
1987 2093 2048 2139 ut
2080 2089 2153 2139 Μ.
2190 2085 2389 2138 Furius

358 2174 589 2228 dictator
625 2172 856 2241 quintum
887 2172 1156 2226 diceretur
1192 2205 1415 2224 .....
1449 2170 1562 2223 Nec
1597 2172 1751 2224 dubia
1784 2186 1883 2224 nec
1915 2172 2150 2227 dimoni-
2189 2171 2388 2224 Boma-

357 2261 444 2314 nis
479 2260 707 2315 victoria
740 2259 840 2312 fuit
873 2295 888 2311 .
927 2296 941 2311 .
982 2296 998 2314 .
1034 2297 1049 2313 .
1097 2257 1361 2314 Dictatori
1407 2272 1672 2313 consensu
1720 2259 1936 2312 Patrum
1973 2258 2246 2327 plebisque
2280 2256 2386 2311 tri-

359 2343 582 2414 umphus
617 2340 924 2401 decretus.“

920 2626 1212 2692 nm.
1268 2630 1363 2691 Ia.
1393 2628 1824 2694 Albinius·
1931 2645 1952 2650 ’

495 2757 677 2825 Elegii
709 2759 1070 2825 ‚fragmentum
1115 2758 1316 2825 prImus
1370 2758 1530 2811 edidit
1579 2760 1693 2814 Ata.
1729 2758 2008 2813 Manutius
2043 2758 2098 2811 in
2135 2758 2386 2823 orthogr.

359 2846 483 2899 Rat.
538 2863 586 2898 s.
641 2861 693 2898 v.
729 2845 1037 2913 Sollcmc,
1086 2845 1218 2897 nihil
1252 2845 1505 2897 adnotans
1544 2847 1676 2897 unde
1711 2846 2001 2909 sumserit3
2055 2845 2227 2898 secuti
2262 2849 2392 2906 sunt

361 2932 642 2984 Gruterus
685 2931 847 2984 Thes.
902 2947 1019 2998 pag.
1058 2932 1178 2982 492.
1214 2930 1278 2982 N.
1316 2932 1367 2981 7.
1407 2931 1493 3000 qui
1529 2931 1773 2998 adnotat,
1826 2930 2220 2997 inscriptionem
2256 2942 2385 2980 esse

360 3017 554 3070 Romae
601 3032 766 3083 supra
811 3018 1124 3070 testudinem
1172 3017 1230 3071 S.
1269 3016 1472 3068 Mariae
1507 3017 1794 3083 rotondae3
1831 3017 2065 3070 Fabretti
2095 3015 2387 3069 Dissertat.

358 3105 438 3156 De
474 3103 626 3171 aquis
664 3107 718 3155 et
753 3102 1022 3173 aqueduct.
1060 3103 1102 3154 1.
1143 3119 1267 3169 pag.
1306 3104 1394 3154 54.
1450 3101 1709 3167 (addensz
1754 3103 1857 3155 hoc
1890 3103 2082 3170 lapidis
2118 3103 2384 3172 quantivis

357 3190 518 3257 pretii
567 3190 914 3255 fragmentum
966 3188 1260 3254 pavimento
1298 3188 1593 3255 superioris
1630 3195 1684 3240 et
1716 3189 1975 3241 subdialis
2013 3189 2384 3243 ambulationis

362 3277 507 3330 circa
557 3273 1000 3340 hemisphaerium
1050 3273 1373 3327 Pantheonis
1426 3279 1616 3341 postea
1650 3274 1904 3327 insertum
1940 3273 2098 3339 esse)
2146 3275 2385 3345 idemque

274 3404 278 3410 .
361 3360 629 3428 Inscriptt.
666 3376 790 3427 pag.
827 3361 946 3411 751.
978 3362 1098 3412 584.
1134 3360 1406 3414 illut-ator.
1443 3376 1570 3427 pag.
1608 3361 1729 3427 1⁹72,
1766 3363 1817 3411 4.
1855 3365 1908 3412 et
1940 3377 1991 3427 p.
2027 3363 2152 3430 491,
2189 3365 2239 3414 1.
2274 3363 2384 3415 ite-

361 3454 476 3501 rata
509 3448 664 3514 vic03
702 3445 977 3513 Borghesi
1010 3445 1062 3497 in
1099 3445 1347 3499 Giornale
1385 3445 1643 3497 Arca-dieo
1679 3445 1815 3498 1819
1853 3448 1982 3501 Τοιιι
2017 3451 2080 3516 1,
2117 3465 2238 3516 pag.
2273 3450 2385 3515 58„

345 3534 451 3600 ⁴qui
482 3534 836 3599 fragmentum
869 3545 1147 3597 perperam
1181 3545 1275 3598 pro
1313 3530 1513 3584 inedito
1548 3531 1739 3599 habet3
1799 3532 1979 3586 Orelli
2012 3534 2146 3586 Goll.
2180 3534 2243 3587 N.
2277 3535 2385 3585 537

358 3618 529 3687 Atque
563 3617 615 3669 is
652 3616 860 3686 quidem
893 3616 993 3669 hoc
1026 3616 1256 3682 elogium
1291 3617 1345 3668 in
1380 3618 1629 3668 honorem
1653 3617 1909 3670 Flaminis
1930 3619 2218 3683 Quirinalis
2252 3634 2388 3672 con-

359 3704 554 3756 fectum
589 3716 716 3754 esse
752 3701 1061 3768 arbitratur,
1097 3700 1185 3769 qui
1218 3702 1387 3755 Roma
1421 3718 1455 3754 a
1490 3702 1662 3755 Gallis
1701 3709 1894 3771 capta,
1934 3720 2048 3757 cum
2083 3705 2386 3772 virginibus

359 3787 687 3852 Vestalibus,
723 3791 785 3838 ut
815 3786 1004 3839 Livius
1042 3786 1120 3851 (V
1124 3824 1139 3854 ,
1160 3786 1277 3853 40.)
1312 3794 1519 3856 narrat,
1553 3804 1709 3842 sacra
1742 3791 1931 3856 partim
1969 3790 2165 3844 defodit
2197 3792 2388 3858 partim

361 3888 542 3929 seeum
582 3873 719 3926 tulit.
788 3871 893 3926 Sed
929 3873 1180 3927 Fabretto
1224 3879 1437 3929 auctore
1474 3874 1745 3928 maluerim
1779 3876 1844 3929 de
1876 3877 1942 3930 L.
1976 3876 2186 3930 Albinio
2221 3876 2388 3931 intel-
