2674 4449
1174 289 1299 381 '59

261 521 437 586 quam
468 501 613 563 olim
644 500 718 562 ad
746 498 1033 562 Viennam
1064 502 1122 558 et
1150 494 1223 558 ad
1253 493 1602 559 Mohatzsch
1631 495 1891 557 hostium
1923 501 2119 575 strage
2154 494 2263 557 sed

262 620 460 680 animo
492 615 768 693 utrinque
800 612 975 673 etiarn
1005 611 1376 673 obstinatiori
1405 615 1722 690 pugnatum
1758 615 1879 681 est;
1931 615 2106 688 atque
2151 604 2274 669 hac'

144 730 147 733 ’
263 708 515 792 ᾱθηιιιηῗ
537 726 782 789 victoria
830 722 1119 804 Hungaria
1150 724 1209 785 in
1252 730 1474 785 certam
1511 721 1783 785 Austriae
1815 723 2279 801 possessionem,

264 841 557 906 'vindicata
590 846 699 901 est.
748 836 986 915 Imperii
1017 835 1341 916 germanici
1374 832 1448 897 ad
1476 836 1747 898 Rhenum
1780 835 2057 897 exercitui
2086 851 2267 913 quum

266 958 592 1036 praeesset,
625 958 688 1013 ut
720 949 1147 1030 exspectationi
1176 949 1486 1011 hominum
1517 950 1590 1012 de
1624 966 1690 1011 se
1719 948 1895 1029 plane
1926 946 2268 1010 satisfacere

268 1084 392 1128 non
418 1064 635 1144 potuit,
680 1064 758 1125 ita
790 1063 888 1125 diu
929 1061 1189 1123 hostium
1228 1080 1587 1142 progressus
1636 1062 1913 1124 coercuit.
2003 1060 2069 1120 ln
2111 1058 2269 1122 bello
2336 1039 2340 1043 ’

273 1179 351 1241 de
367 1179 774 1258 Hispaniarum
805 1154 1197 1238 successione
1227 1182 1399 1255 gesto
1427 1173 1831 1255 proeliumad
1861 1179 2144 1244 montem,
2179 1172 2273 1233 cui

273 1309 490 1354 nomen
511 1289 936 1368 Schellenherg
967 1265 1255 1360 confecit3
1287 1286 1651 1350 Landavium
1671 1285 2053 1366 expugnavit3
2085 1285 2274 1346 muni-

270 1410 470 1467 menta
485 1404 1043 1482 wissenburgensia
1072 1403 1244 1481 cepit.
1292 1401 1671 1462 Postremum
1702 1400 1896 1462 animo
1927 1417 2046 1459 non
2078 1397 2272 1457 minus

271 1537 449 1600 quam
480 1536 729 1596 corpore
761 1534 938 1598 aeger
969 1516 1275 1588 occubuit,
1336 1519 1617 1596 princeps
1657 1513 1876 1576 bellica
1904 1515 2117 1575 virtute
2156 1530 2274 1574 non

258 1634 465 1715 kminus
498 1649 674 1711 quam
704 1629 865 1693 civili
894 1628 1206 1710 prudentia
1235 1629 1426 1692 clarus
1461 1635 1520 1690 et
1552 1630 1650 1708 qui
1680 1629 1740 1689 in
1771 1627 1933 1692 bello
1965 1628 2276 1688 maximam

271 1743 422 1805 aciei
451 1734 831 1805 instruendae
858 1748 1047 1803 artem
1079 1761 1214 1803 cum
1243 1743 1481 1821 egregia
1513 1739 1693 1803 animi
1721 1737 2078 1801 fortitudine.
2099 1756 2278 1816 copu-

272 1862 424 1923 lavit.
515 1858 733 1935 Viginti
776 1871 879 1915 sex
911 1853 1382 1932 expeditionibus
1426 1853 1717 1924 interfuit,
1766 1853 1971 1932 viginti
2022 1851 2278 1932 quinque

277 1969 617 2033 obsidiones
647 1966 829 2036 rexit,
865 1965 927 2026 in
954 1964 1244 2025 tredecim
1273 1964 1519 2044 proeliis
1550 1968 1871 2045 imperator
1901 1965 2056 2026 vicit.
2138 1964 2279 2024 For·
2340 1962 2344 1966 ’

273 2091 472 2148 tunam
500 2083 561 2144 in
595 2081 690 2143 his
720 2079 1014 2142 bellorum
1056 2075 1292 2139 casibus
1323 2076 1542 2140 mirum
1579 2080 1641 2139 in
1672 2076 1914 2139 modum
1958 2060 2279 2138 secundam

273 2204 482 2261 nactus
520 2201 640 2268 est,
682 2193 790 2257 sed
821 2209 953 2256 eam
984 2210 1136 2273 quae
1168 2192 1286 2255 nisi
1314 2192 1620 2273 praeclara
1649 2194 1862 2254 virtute
1892 2193 2108 2254 comite
2140 2208 2281 2252 con-

274 2313 489 2374 sistere
519 2315 806 2390 nequeat,
844 2313 909 2369 ut
939 2307 1209 2368 maximis
1246 2322 1400 2384 quos
1435 2304 1748 2366 Germania
1777 2304 1976 2383 genuit
2003 2303 2144 2364 belli
2177 2304 2279 2365 du-

277 2425 447 2487 cibus
474 2425 686 2485 merito
720 2421 1154 2485 adnumeretur.

453 2753 1018 2819 Godofredus
1057 2737 1555 2817 Guilelmus
1596 2751 1859 2817 Liber
1886 2754 2106 2816 baro

980 2871 1091 2932 (le
1155 2868 1579 2954 Qeibnitz.

457 3007 785 3069 Leihnitius
815 3009 908 3069 vix
940 3006 1390 3088 quatuordecim
1433 3024 1617 3069 annos
1646 3012 1814 3069 natus
1848 3008 2040 3070 studia
2069 3009 2128 3070 in
2157 3009 2287 3085 uni-

284 3118 562 3182 versitate
591 3117 848 3182 literaria
879 3122 1214 3198 auspicatus
1253 3126 1344 3181 est
1358 3140 1373 3192 3
1438 3138 1587 3199 quae
1630 3119 1943 3181 immatura
1985 3120 2285 3181 festinatio

285 3232 415 3295 aliis
456 3213 677 3293 nocere
716 3232 871 3295 solet
912 3232 1028 3312 ipsi
1068 3232 1223 3295 bene
1262 3235 1463 3294 cessit.
1555 3231 1831 3310 Inprimis
1872 3232 2287 3312 philosophiae

285 3354 342 3408 et
373 3346 818 3409 mathematicae
853 3365 1096 3427 operam
1132 3347 1322 3420 dedit,
1365 3364 1516 3428 quae
1549 3346 1786 3427 quidem
1819 3346 2166 3427 disciplinae
2195 3346 2288 3407 vel

282 3437 535 3523 maxime
567 3477 702 3521 eum
736 3460 1138 3531 detinuerunt,
1173 3462 1439 3539 quamvis
1473 3460 1754 3540 plurimas
1787 3460 1930 3522 alias
1964 3461 2287 3522 accerrimo

285 3574 482 3638 studio
515 3577 996 3655 amplectentem:
1055 3575 1446 3654 theologiam,
1499 3574 1837 3645 historiam,
1888 3576 1978 3636 ius
2009 3575 2292 3656 gentium,

272 3696 526 3750 maturae
559 3690 984 3770 cognitionem,
1004 3687 1015 3691 ’
1034 3675 1337 3751 Chemiam
1372 3689 1640 3769 adeoque
1670 3687 2039 3769 Alchymiam
2069 3689 2286 3770 attigit3

286 3817 548 3881 graecae,
580 3801 825 3873 latinae,
860 3802 1289 3883 multarumque
1318 3803 1717 3865 recentiorum
1736 3804 2059 3882 linguarum
2089 3822 2287 3883 prom-

285 3921 406 3977 tam
434 3912 770 3979 facultatem
800 3916 1033 3989 habuit;
1066 3924 1275 3997 poeta;
1318 3916 1505 3978 civilis
1538 3917 1880 3997 prudentiae
1908 3935 2136 3996 gnarus.
2194 3917 2288 3976 Fi-

291 4027 428 4092 dem
458 4047 646 4110 paene
675 4039 943 4112 superat,
995 4038 1138 4112 quot
1173 4030 1489 4105 volumina,
1519 4030 1852 4094 uberrimos
1885 4027 2287 4091 meditationis
