<?xml version="1.0" encoding="UTF-8"?>
<!DOCTYPE html PUBLIC "-//W3C//DTD XHTML 1.0 Transitional//EN"
    "http://www.w3.org/TR/xhtml1/DTD/xhtml1-transitional.dtd">
<html xmlns="http://www.w3.org/1999/xhtml" xml:lang="en" lang="en">
 <head>
  <title>
</title>
<meta http-equiv="Content-Type" content="text/html;charset=utf-8" />
  <meta name='ocr-system' content='tesseract 3.04.00' />
  <meta name='ocr-capabilities' content='ocr_page ocr_carea ocr_par ocr_line ocrx_word'/>
</head>
<body>
  <div class='ocr_page' id='page_1' title='image "./elogiorumromano00bavagoog_0030.png"; bbox 0 0 2674 4449; ppageno 0'>
   <div class='ocr_carea' id='block_1_1' title="bbox 1371 290 1457 363">
    <p class='ocr_par' dir='ltr' id='par_1_1' title="bbox 1371 290 1457 363">
     <span class='ocr_line' id='line_1_1' title="bbox 1371 290 1457 363; baseline 0.035 -3"><span class='ocrx_word' id='word_1_1' title='bbox 1371 290 1457 363; x_wconf 83' lang='lat'><strong>26</strong></span> 
     </span>
    </p>
   </div>
   <div class='ocr_carea' id='block_1_2' title="bbox 400 469 2427 2277">
    <p class='ocr_par' dir='ltr' id='par_1_2' title="bbox 415 469 2427 964">
     <span class='ocr_line' id='line_1_2' title="bbox 422 469 2427 544; baseline -0.001 -17"><span class='ocrx_word' id='word_1_2' title='bbox 422 472 646 528; x_wconf 87' lang='lat' dir='ltr'><strong>nominis</strong></span> <span class='ocrx_word' id='word_1_3' title='bbox 682 474 939 544; x_wconf 82' lang='lat' dir='ltr'><strong>antiquior</strong></span> <span class='ocrx_word' id='word_1_4' title='bbox 973 488 1073 526; x_wconf 87' lang='lat' dir='ltr'><strong>nou</strong></span> <span class='ocrx_word' id='word_1_5' title='bbox 1108 473 1345 526; x_wconf 75' lang='lat' dir='ltr'><strong>habetur.</strong></span> <span class='ocrx_word' id='word_1_6' title='bbox 1422 471 1651 525; x_wconf 80' lang='lat' dir='ltr'><strong>Orellius</strong></span> <span class='ocrx_word' id='word_1_7' title='bbox 1689 470 1936 525; x_wconf 83' lang='lat' dir='ltr'><strong>coniicit:</strong></span> <span class='ocrx_word' id='word_1_8' title='bbox 1986 469 2231 541; x_wconf 72' lang='lat' dir='ltr'><strong>Saufeio,</strong></span> <span class='ocrx_word' id='word_1_9' title='bbox 2269 472 2427 538; x_wconf 74' lang='lat' dir='ltr'><strong>cogi-</strong></span> 
     </span>
     <span class='ocr_line' id='line_1_3' title="bbox 423 559 2426 630; baseline -0.001 -16"><span class='ocrx_word' id='word_1_10' title='bbox 423 568 543 614; x_wconf 89' lang='lat' dir='ltr'><strong>tans</strong></span> <span class='ocrx_word' id='word_1_11' title='bbox 579 564 811 614; x_wconf 74' lang='lat' dir='ltr'><strong>fortasse</strong></span> <span class='ocrx_word' id='word_1_12' title='bbox 848 562 909 613; x_wconf 89' lang='lat' dir='ltr'><strong>de</strong></span> <span class='ocrx_word' id='word_1_13' title='bbox 949 561 1166 614; x_wconf 81' lang='lat' dir='ltr'><strong>Saufeio</strong></span> <span class='ocrx_word' id='word_1_14' title='bbox 1204 563 1506 630; x_wconf 78' lang='lat' dir='ltr'><strong>quaestore,</strong></span> <span class='ocrx_word' id='word_1_15' title='bbox 1544 559 1816 612; x_wconf 83' lang='lat' dir='ltr'><strong>Saturnini</strong></span> <span class='ocrx_word' id='word_1_16' title='bbox 1844 567 1895 613; x_wconf 89' lang='lat' dir='ltr'><strong>et</strong></span> <span class='ocrx_word' id='word_1_17' title='bbox 1914 559 2157 611; x_wconf 76' lang='lat' dir='ltr'><strong>Glauciae</strong></span> <span class='ocrx_word' id='word_1_18' title='bbox 2185 560 2426 625; x_wconf 85' lang='lat' dir='ltr'><strong>assecla,</strong></span> 
     </span>
     <span class='ocr_line' id='line_1_4' title="bbox 420 646 2423 717; baseline -0.001 -17"><span class='ocrx_word' id='word_1_19' title='bbox 420 665 581 717; x_wconf 87' lang='lat' dir='ltr'><strong>neque</strong></span> <span class='ocrx_word' id='word_1_20' title='bbox 629 664 758 703; x_wconf 82' lang='lat' dir='ltr'><strong>vero</strong></span> <span class='ocrx_word' id='word_1_21' title='bbox 814 650 1065 700; x_wconf 82' lang='lat' dir='ltr'><strong>Saufeiae</strong></span> <span class='ocrx_word' id='word_1_22' title='bbox 1112 648 1254 712; x_wconf 77' lang='lat' dir='ltr'><strong>legis</strong></span> <span class='ocrx_word' id='word_1_23' title='bbox 1304 647 1553 714; x_wconf 74' lang='lat' dir='ltr'><strong>agrariae</strong></span> <span class='ocrx_word' id='word_1_24' title='bbox 1604 648 1853 699; x_wconf 86' lang='lat' dir='ltr'><strong>memoria</strong></span> <span class='ocrx_word' id='word_1_25' title='bbox 1887 647 2216 715; x_wconf 80' lang='lat' dir='ltr'><strong>relinquitur.</strong></span> <span class='ocrx_word' id='word_1_26' title='bbox 2286 646 2423 697; x_wconf 83' lang='lat' dir='ltr'><strong>Mihi</strong></span> 
     </span>
     <span class='ocr_line' id='line_1_5' title="bbox 420 732 2419 804; baseline -0.002 -17"><span class='ocrx_word' id='word_1_27' title='bbox 420 737 621 804; x_wconf 87' lang='lat' dir='ltr'><strong>quidem</strong></span> <span class='ocrx_word' id='word_1_28' title='bbox 669 736 989 803; x_wconf 77' lang='lat' dir='ltr'><strong>Sempronia</strong></span> <span class='ocrx_word' id='word_1_29' title='bbox 1027 736 1142 799; x_wconf 83' lang='lat' dir='ltr'><strong>lex,</strong></span> <span class='ocrx_word' id='word_1_30' title='bbox 1197 735 1250 785; x_wconf 91' lang='lat' dir='ltr'><strong>h.</strong></span> <span class='ocrx_word' id='word_1_31' title='bbox 1284 734 1320 786; x_wconf 91' lang='lat' dir='ltr'><strong>l.</strong></span> <span class='ocrx_word' id='word_1_32' title='bbox 1371 732 1424 784; x_wconf 90' lang='lat' dir='ltr'><strong>in</strong></span> <span class='ocrx_word' id='word_1_33' title='bbox 1468 735 2037 802; x_wconf 77' lang='lat' dir='ltr'><strong>Sanscliamcorrupta</strong></span> <span class='ocrx_word' id='word_1_34' title='bbox 2068 733 2307 785; x_wconf 81' lang='lat' dir='ltr'><strong>videtur:</strong></span> <span class='ocrx_word' id='word_1_35' title='bbox 2356 732 2419 784; x_wconf 83' lang='lat' dir='ltr'><strong>C.</strong></span> 
     </span>
     <span class='ocr_line' id='line_1_6' title="bbox 417 819 2421 889; baseline -0.002 -15"><span class='ocrx_word' id='word_1_36' title='bbox 417 824 551 874; x_wconf 89' lang='lat' dir='ltr'><strong>enim</strong></span> <span class='ocrx_word' id='word_1_37' title='bbox 606 824 941 889; x_wconf 81' lang='lat' dir='ltr'><strong>Sempronius</strong></span> <span class='ocrx_word' id='word_1_38' title='bbox 981 822 1254 874; x_wconf 74' lang='lat' dir='ltr'><strong>Gracchus</strong></span> <span class='ocrx_word' id='word_1_39' title='bbox 1291 823 1457 887; x_wconf 79' lang='lat' dir='ltr'><strong>legem</strong></span> <span class='ocrx_word' id='word_1_40' title='bbox 1498 822 1762 885; x_wconf 78' lang='lat' dir='ltr'><strong>agrariam</strong></span> <span class='ocrx_word' id='word_1_41' title='bbox 1799 821 2027 887; x_wconf 87' lang='lat' dir='ltr'><strong>tulerat,</strong></span> <span class='ocrx_word' id='word_1_42' title='bbox 2088 819 2258 887; x_wconf 87' lang='lat' dir='ltr'><strong>qualis</strong></span> <span class='ocrx_word' id='word_1_43' title='bbox 2310 819 2421 871; x_wconf 90' lang='lat' dir='ltr'><strong>iam</strong></span> 
     </span>
     <span class='ocr_line' id='line_1_7' title="bbox 415 909 1616 964; baseline 0 -3"><span class='ocrx_word' id='word_1_44' title='bbox 415 925 448 961; x_wconf 90' lang='lat' dir='ltr'><strong>a</strong></span> <span class='ocrx_word' id='word_1_45' title='bbox 481 909 597 962; x_wconf 73' lang='lat' dir='ltr'><strong>Tib.</strong></span> <span class='ocrx_word' id='word_1_46' title='bbox 631 911 798 964; x_wconf 76' lang='lat' dir='ltr'><strong>fratre</strong></span> <span class='ocrx_word' id='word_1_47' title='bbox 826 910 946 962; x_wconf 87' lang='lat' dir='ltr'><strong>lata</strong></span> <span class='ocrx_word' id='word_1_48' title='bbox 978 915 1110 962; x_wconf 89' lang='lat' dir='ltr'><strong>erat.</strong></span> <span class='ocrx_word' id='word_1_49' title='bbox 1613 916 1616 919; x_wconf 83' lang='lat'>&#39;</span> 
     </span>
    </p>

    <p class='ocr_par' dir='ltr' id='par_1_3' title="bbox 400 992 2421 2277">
     <span class='ocr_line' id='line_1_8' title="bbox 549 992 2420 1066; baseline -0.001 -18"><span class='ocrx_word' id='word_1_50' title='bbox 549 998 613 1048; x_wconf 83' lang='lat' dir='ltr'><strong>In</strong></span> <span class='ocrx_word' id='word_1_51' title='bbox 646 999 856 1066; x_wconf 72' lang='lat' dir='ltr'><strong>mayiet.</strong></span> <span class='ocrx_word' id='word_1_52' title='bbox 893 999 1134 1050; x_wconf 71' lang='lat' dir='ltr'><strong>occisae.</strong></span> <span class='ocrx_word' id='word_1_53' title='bbox 1206 994 1389 1049; x_wconf 80' lang='lat' dir='ltr'><strong>Cicero</strong></span> <span class='ocrx_word' id='word_1_54' title='bbox 1427 994 1573 1062; x_wconf 84' lang='lat' dir='ltr'><strong>(Nat.</strong></span> <span class='ocrx_word' id='word_1_55' title='bbox 1609 997 1764 1049; x_wconf 87' lang='lat' dir='ltr'><strong>Deor.</strong></span> <span class='ocrx_word' id='word_1_56' title='bbox 1800 995 1897 1061; x_wconf 88' lang='lat'><strong>111,</strong></span> <span class='ocrx_word' id='word_1_57' title='bbox 1927 992 2050 1059; x_wconf 82' lang='lat'><strong>33.)</strong></span> <span class='ocrx_word' id='word_1_58' title='bbox 2087 1010 2120 1046; x_wconf 88' lang='lat' dir='ltr'><strong>a</strong></span> <span class='ocrx_word' id='word_1_59' title='bbox 2157 998 2215 1057; x_wconf 79' lang='lat' dir='ltr'><strong>Q.</strong></span> <span class='ocrx_word' id='word_1_60' title='bbox 2253 994 2420 1047; x_wconf 85' lang='lat' dir='ltr'><strong>Vario</strong></span> 
     </span>
     <span class='ocr_line' id='line_1_9' title="bbox 412 1082 2416 1149; baseline 0 -15"><span class='ocrx_word' id='word_1_61' title='bbox 412 1098 505 1149; x_wconf 85' lang='lat' dir='ltr'><strong>per</strong></span> <span class='ocrx_word' id='word_1_62' title='bbox 554 1083 808 1135; x_wconf 88' lang='lat' dir='ltr'><strong>sicarium</strong></span> <span class='ocrx_word' id='word_1_63' title='bbox 858 1085 999 1134; x_wconf 83' lang='lat' dir='ltr'><strong>ferro</strong></span> <span class='ocrx_word' id='word_1_64' title='bbox 1049 1085 1306 1135; x_wconf 89' lang='lat' dir='ltr'><strong>sublatum</strong></span> <span class='ocrx_word' id='word_1_65' title='bbox 1355 1098 1478 1133; x_wconf 88' lang='lat' dir='ltr'><strong>esse</strong></span> <span class='ocrx_word' id='word_1_66' title='bbox 1523 1085 1686 1135; x_wconf 81' lang='lat' dir='ltr'><strong>refert</strong></span> <span class='ocrx_word' id='word_1_67' title='bbox 1701 1101 1718 1149; x_wconf 86' lang='lat'><em>3</em></span> <span class='ocrx_word' id='word_1_68' title='bbox 1769 1083 2018 1135; x_wconf 81' lang='lat' dir='ltr'><strong>Aurelius</strong></span> <span class='ocrx_word' id='word_1_69' title='bbox 2062 1082 2243 1134; x_wconf 83' lang='lat' dir='ltr'><strong>Victor</strong></span> <span class='ocrx_word' id='word_1_70' title='bbox 2295 1082 2330 1133; x_wconf 92' lang='lat' dir='ltr'><strong>l.</strong></span> <span class='ocrx_word' id='word_1_71' title='bbox 2375 1084 2416 1135; x_wconf 90' lang='lat' dir='ltr'><strong>l.</strong></span> 
     </span>
     <span class='ocr_line' id='line_1_10' title="bbox 414 1167 2419 1238; baseline -0 -18"><span class='ocrx_word' id='word_1_72' title='bbox 414 1169 594 1221; x_wconf 85' lang='lat' dir='ltr'><strong>caedis</strong></span> <span class='ocrx_word' id='word_1_73' title='bbox 642 1170 891 1222; x_wconf 87' lang='lat' dir='ltr'><strong>invidiam</strong></span> <span class='ocrx_word' id='word_1_74' title='bbox 943 1172 1076 1237; x_wconf 86' lang='lat' dir='ltr'><strong>apud</strong></span> <span class='ocrx_word' id='word_1_75' title='bbox 1127 1171 1419 1238; x_wconf 85' lang='lat' dir='ltr'><strong>Philippum</strong></span> <span class='ocrx_word' id='word_1_76' title='bbox 1471 1177 1521 1222; x_wconf 89' lang='lat' dir='ltr'><strong>et</strong></span> <span class='ocrx_word' id='word_1_77' title='bbox 1555 1171 1862 1237; x_wconf 84' lang='lat' dir='ltr'><strong>Caepionem</strong></span> <span class='ocrx_word' id='word_1_78' title='bbox 1899 1185 2053 1233; x_wconf 86' lang='lat' dir='ltr'><strong>esse3</strong></span> <span class='ocrx_word' id='word_1_79' title='bbox 2107 1167 2199 1219; x_wconf 90' lang='lat' dir='ltr'><strong>alii</strong></span> <span class='ocrx_word' id='word_1_80' title='bbox 2236 1169 2419 1235; x_wconf 90' lang='lat' dir='ltr'><strong>scrip-</strong></span> 
     </span>
     <span class='ocr_line' id='line_1_11' title="bbox 412 1256 2418 1325; baseline 0 -20"><span class='ocrx_word' id='word_1_81' title='bbox 412 1261 556 1306; x_wconf 80' lang='lat' dir='ltr'><strong>tores</strong></span> <span class='ocrx_word' id='word_1_82' title='bbox 608 1260 869 1309; x_wconf 86' lang='lat' dir='ltr'><strong>auctorem</strong></span> <span class='ocrx_word' id='word_1_83' title='bbox 918 1259 1096 1309; x_wconf 85' lang='lat' dir='ltr'><strong>caedis</strong></span> <span class='ocrx_word' id='word_1_84' title='bbox 1134 1264 1501 1325; x_wconf 88' lang='lat' dir='ltr'><strong>praetereunt,</strong></span> <span class='ocrx_word' id='word_1_85' title='bbox 1536 1259 1621 1309; x_wconf 79' lang='lat' dir='ltr'><strong>vel</strong></span> <span class='ocrx_word' id='word_1_86' title='bbox 1656 1272 2022 1324; x_wconf 86' lang='lat' dir='ltr'><strong>percussorem</strong></span> <span class='ocrx_word' id='word_1_87' title='bbox 2056 1256 2290 1321; x_wconf 80' lang='lat' dir='ltr'><strong>ignorari</strong></span> <span class='ocrx_word' id='word_1_88' title='bbox 2327 1256 2418 1307; x_wconf 91' lang='lat' dir='ltr'><strong>di-</strong></span> 
     </span>
     <span class='ocr_line' id='line_1_12' title="bbox 411 1343 2417 1410; baseline 0 -17"><span class='ocrx_word' id='word_1_89' title='bbox 411 1349 546 1393; x_wconf 88' lang='lat' dir='ltr'><strong>cunt.</strong></span> <span class='ocrx_word' id='word_1_90' title='bbox 585 1344 650 1394; x_wconf 82' lang='lat' dir='ltr'><strong>cf.</strong></span> <span class='ocrx_word' id='word_1_91' title='bbox 686 1345 878 1396; x_wconf 87' lang='lat' dir='ltr'><strong>Vellei.</strong></span> <span class='ocrx_word' id='word_1_92' title='bbox 918 1344 1122 1397; x_wconf 82' lang='lat' dir='ltr'><strong>Paterc.</strong></span> <span class='ocrx_word' id='word_1_93' title='bbox 1161 1344 1231 1410; x_wconf 90' lang='lat'><strong>11,</strong></span> <span class='ocrx_word' id='word_1_94' title='bbox 1260 1346 1345 1395; x_wconf 84' lang='lat'><strong>12.</strong></span> <span class='ocrx_word' id='word_1_95' title='bbox 1385 1346 1571 1397; x_wconf 84' lang='lat' dir='ltr'><strong>Senec.</strong></span> <span class='ocrx_word' id='word_1_96' title='bbox 1607 1347 1686 1397; x_wconf 84' lang='lat' dir='ltr'><strong>De</strong></span> <span class='ocrx_word' id='word_1_97' title='bbox 1719 1345 1863 1397; x_wconf 85' lang='lat' dir='ltr'><strong>brev.</strong></span> <span class='ocrx_word' id='word_1_98' title='bbox 1897 1343 2037 1394; x_wconf 81' lang='lat' dir='ltr'><strong>vitae</strong></span> <span class='ocrx_word' id='word_1_99' title='bbox 2074 1357 2185 1408; x_wconf 89' lang='lat' dir='ltr'><strong>cap.</strong></span> <span class='ocrx_word' id='word_1_100' title='bbox 2213 1345 2261 1392; x_wconf 83' lang='lat'><strong>6.</strong></span> <span class='ocrx_word' id='word_1_101' title='bbox 2297 1344 2417 1408; x_wconf 89' lang='lat' dir='ltr'><strong>Ap-</strong></span> 
     </span>
     <span class='ocr_line' id='line_1_13' title="bbox 411 1429 2417 1499; baseline 0 -19"><span class='ocrx_word' id='word_1_102' title='bbox 411 1430 551 1497; x_wconf 87' lang='lat' dir='ltr'><strong>pian.</strong></span> <span class='ocrx_word' id='word_1_103' title='bbox 587 1430 719 1482; x_wconf 88' lang='lat' dir='ltr'><strong>Bell.</strong></span> <span class='ocrx_word' id='word_1_104' title='bbox 761 1432 860 1483; x_wconf 88' lang='lat' dir='ltr'><strong>civ.</strong></span> <span class='ocrx_word' id='word_1_105' title='bbox 898 1433 940 1497; x_wconf 90' lang='lat'><strong>1,</strong></span> <span class='ocrx_word' id='word_1_106' title='bbox 977 1433 1061 1483; x_wconf 88' lang='grc'><strong>36.</strong></span> <span class='ocrx_word' id='word_1_107' title='bbox 1086 1430 1388 1499; x_wconf 85' lang='lat' dir='ltr'><strong>—Propria</strong></span> <span class='ocrx_word' id='word_1_108' title='bbox 1423 1437 1507 1483; x_wconf 90' lang='lat' dir='ltr'><strong>est</strong></span> <span class='ocrx_word' id='word_1_109' title='bbox 1538 1430 1774 1482; x_wconf 83' lang='lat' dir='ltr'><strong>Reinesii</strong></span> <span class='ocrx_word' id='word_1_110' title='bbox 1813 1431 1874 1481; x_wconf 88' lang='lat' dir='ltr'><strong>de</strong></span> <span class='ocrx_word' id='word_1_111' title='bbox 1909 1434 2020 1481; x_wconf 88' lang='lat' dir='ltr'><strong>tota</strong></span> <span class='ocrx_word' id='word_1_112' title='bbox 2051 1429 2151 1481; x_wconf 89' lang='lat' dir='ltr'><strong>hac</strong></span> <span class='ocrx_word' id='word_1_113' title='bbox 2177 1429 2417 1495; x_wconf 87' lang='lat' dir='ltr'><strong>inscrip-</strong></span> 
     </span>
     <span class='ocr_line' id='line_1_14' title="bbox 406 1516 2421 1585; baseline 0 -17"><span class='ocrx_word' id='word_1_114' title='bbox 406 1518 546 1569; x_wconf 89' lang='lat' dir='ltr'><strong>tione</strong></span> <span class='ocrx_word' id='word_1_115' title='bbox 585 1520 860 1570; x_wconf 83' lang='lat' dir='ltr'><strong>sententia.</strong></span> <span class='ocrx_word' id='word_1_116' title='bbox 903 1521 959 1570; x_wconf 90' lang='lat' dir='ltr'><strong>Is</strong></span> <span class='ocrx_word' id='word_1_117' title='bbox 988 1521 1122 1571; x_wconf 84' lang='lat' dir='ltr'><strong>enim</strong></span> <span class='ocrx_word' id='word_1_118' title='bbox 1157 1517 1308 1585; x_wconf 87' lang='grc'><strong>(1.1.)</strong></span> <span class='ocrx_word' id='word_1_119' title='bbox 1343 1520 1615 1570; x_wconf 84' lang='lat' dir='ltr'><strong>coniuncta</strong></span> <span class='ocrx_word' id='word_1_120' title='bbox 1639 1518 1709 1568; x_wconf 84' lang='grc' dir='ltr'><strong>Μ.</strong></span> <span class='ocrx_word' id='word_1_121' title='bbox 1731 1516 1801 1566; x_wconf 84' lang='grc' dir='ltr'><strong>Μ.</strong></span> <span class='ocrx_word' id='word_1_122' title='bbox 1821 1516 2087 1567; x_wconf 86' lang='lat' dir='ltr'><strong>Liviorum</strong></span> <span class='ocrx_word' id='word_1_123' title='bbox 2105 1518 2421 1583; x_wconf 86' lang='lat' dir='ltr'><strong>Drusorum,</strong></span> 
     </span>
     <span class='ocr_line' id='line_1_15' title="bbox 406 1604 2419 1673; baseline 0 -18"><span class='ocrx_word' id='word_1_124' title='bbox 406 1604 576 1672; x_wconf 85' lang='lat' dir='ltr'><strong>patris</strong></span> <span class='ocrx_word' id='word_1_125' title='bbox 616 1610 667 1655; x_wconf 91' lang='lat' dir='ltr'><strong>et</strong></span> <span class='ocrx_word' id='word_1_126' title='bbox 701 1605 816 1670; x_wconf 86' lang='lat' dir='ltr'><strong>filii,</strong></span> <span class='ocrx_word' id='word_1_127' title='bbox 862 1606 1040 1670; x_wconf 78' lang='lat' dir='ltr'><strong>elogia</strong></span> <span class='ocrx_word' id='word_1_128' title='bbox 1076 1607 1256 1657; x_wconf 88' lang='lat' dir='ltr'><strong>eadem</strong></span> <span class='ocrx_word' id='word_1_129' title='bbox 1295 1604 1546 1655; x_wconf 85' lang='lat' dir='ltr'><strong>contineri</strong></span> <span class='ocrx_word' id='word_1_130' title='bbox 1574 1605 1887 1668; x_wconf 85' lang='lat' dir='ltr'><strong>arbitratur,</strong></span> <span class='ocrx_word' id='word_1_131' title='bbox 1926 1608 1976 1654; x_wconf 89' lang='lat' dir='ltr'><strong>et</strong></span> <span class='ocrx_word' id='word_1_132' title='bbox 2004 1604 2174 1670; x_wconf 88' lang='lat' dir='ltr'><strong>patris</strong></span> <span class='ocrx_word' id='word_1_133' title='bbox 2209 1604 2419 1673; x_wconf 86' lang='lat' dir='ltr'><strong>quidem</strong></span> 
     </span>
     <span class='ocr_line' id='line_1_16' title="bbox 403 1691 2418 1759; baseline 0 -17"><span class='ocrx_word' id='word_1_134' title='bbox 403 1691 660 1755; x_wconf 80' lang='lat' dir='ltr'><strong>elogium,</strong></span> <span class='ocrx_word' id='word_1_135' title='bbox 697 1692 781 1758; x_wconf 90' lang='lat' dir='ltr'><strong>qui</strong></span> <span class='ocrx_word' id='word_1_136' title='bbox 818 1692 871 1742; x_wconf 85' lang='lat' dir='ltr'><strong>C.</strong></span> <span class='ocrx_word' id='word_1_137' title='bbox 912 1693 1206 1759; x_wconf 83' lang='lat' dir='ltr'><strong>Sempronii</strong></span> <span class='ocrx_word' id='word_1_138' title='bbox 1243 1692 1471 1743; x_wconf 83' lang='lat' dir='ltr'><strong>Gracchi</strong></span> <span class='ocrx_word' id='word_1_139' title='bbox 1508 1708 1640 1757; x_wconf 78' lang='lat' dir='ltr'><strong>erga</strong></span> <span class='ocrx_word' id='word_1_140' title='bbox 1678 1692 1877 1758; x_wconf 85' lang='lat' dir='ltr'><strong>plebem</strong></span> <span class='ocrx_word' id='word_1_141' title='bbox 1914 1691 2221 1758; x_wconf 79' lang='lat' dir='ltr'><strong>largitiones</strong></span> <span class='ocrx_word' id='word_1_142' title='bbox 2257 1691 2418 1757; x_wconf 80' lang='lat' dir='ltr'><strong>longe</strong></span> 
     </span>
     <span class='ocr_line' id='line_1_17' title="bbox 403 1776 2416 1844; baseline 0.001 -18"><span class='ocrx_word' id='word_1_143' title='bbox 403 1777 689 1828; x_wconf 87' lang='lat' dir='ltr'><strong>maioribus</strong></span> <span class='ocrx_word' id='word_1_144' title='bbox 743 1778 1115 1842; x_wconf 80' lang='lat' dir='ltr'><strong>largitionibus</strong></span> <span class='ocrx_word' id='word_1_145' title='bbox 1165 1795 1419 1844; x_wconf 88' lang='lat' dir='ltr'><strong>superare</strong></span> <span class='ocrx_word' id='word_1_146' title='bbox 1473 1779 1703 1843; x_wconf 87' lang='lat' dir='ltr'><strong>studuit,</strong></span> <span class='ocrx_word' id='word_1_147' title='bbox 1759 1793 1923 1844; x_wconf 89' lang='lat' dir='ltr'><strong>usque</strong></span> <span class='ocrx_word' id='word_1_148' title='bbox 1959 1777 2024 1828; x_wconf 90' lang='lat' dir='ltr'><strong>ad</strong></span> <span class='ocrx_word' id='word_1_149' title='bbox 2058 1778 2220 1828; x_wconf 80' lang='lat' dir='ltr'><strong>verba</strong></span> <span class='ocrx_word' id='word_1_150' title='bbox 2256 1776 2416 1843; x_wconf 79' lang='lat' dir='ltr'><strong>„lege</strong></span> 
     </span>
     <span class='ocr_line' id='line_1_18' title="bbox 407 1859 2417 1934; baseline 0.001 -20"><span class='ocrx_word' id='word_1_151' title='bbox 407 1859 539 1914; x_wconf 84' lang='lat' dir='ltr'><strong>sua“</strong></span> <span class='ocrx_word' id='word_1_152' title='bbox 591 1865 900 1931; x_wconf 84' lang='lat' dir='ltr'><strong>procedere3</strong></span> <span class='ocrx_word' id='word_1_153' title='bbox 951 1866 1155 1934; x_wconf 87' lang='lat' dir='ltr'><strong>reliqua</strong></span> <span class='ocrx_word' id='word_1_154' title='bbox 1208 1866 1273 1916; x_wconf 85' lang='lat' dir='ltr'><strong>ad</strong></span> <span class='ocrx_word' id='word_1_155' title='bbox 1308 1866 1469 1916; x_wconf 87' lang='lat' dir='ltr'><strong>filium</strong></span> <span class='ocrx_word' id='word_1_156' title='bbox 1505 1866 1782 1930; x_wconf 86' lang='lat' dir='ltr'><strong>pertinere.</strong></span> <span class='ocrx_word' id='word_1_157' title='bbox 1861 1864 2044 1916; x_wconf 80' lang='lat' dir='ltr'><strong>Omnia</strong></span> <span class='ocrx_word' id='word_1_158' title='bbox 2080 1864 2294 1930; x_wconf 88' lang='lat' dir='ltr'><strong>denique</strong></span> <span class='ocrx_word' id='word_1_159' title='bbox 2332 1865 2417 1916; x_wconf 77' lang='lat' dir='ltr'><strong>ita.</strong></span> 
     </span>
     <span class='ocr_line' id='line_1_19' title="bbox 400 1950 2412 2018; baseline 0.001 -18"><span class='ocrx_word' id='word_1_160' title='bbox 400 1951 614 2014; x_wconf 79' lang='lat' dir='ltr'><strong>refingit</strong></span> <span class='ocrx_word' id='word_1_161' title='bbox 663 1955 815 2017; x_wconf 85' lang='lat' dir='ltr'><strong>atque</strong></span> <span class='ocrx_word' id='word_1_162' title='bbox 866 1953 1106 2018; x_wconf 83' lang='lat' dir='ltr'><strong>supplet:</strong></span> <span class='ocrx_word' id='word_1_163' title='bbox 1157 1953 1229 2003; x_wconf 85' lang='grc' dir='ltr'><strong>Μ.</strong></span> <span class='ocrx_word' id='word_1_164' title='bbox 1275 1951 1463 2002; x_wconf 87' lang='lat' dir='ltr'><strong>Livius</strong></span> <span class='ocrx_word' id='word_1_165' title='bbox 1503 1952 1572 2003; x_wconf 87' lang='grc' dir='ltr'><strong>Μ.</strong></span> <span class='ocrx_word' id='word_1_166' title='bbox 1609 1951 1670 2001; x_wconf 85' lang='lat' dir='ltr'><strong>F.</strong></span> <span class='ocrx_word' id='word_1_167' title='bbox 1708 1951 1765 2001; x_wconf 82' lang='lat' dir='ltr'><strong>C.</strong></span> <span class='ocrx_word' id='word_1_168' title='bbox 1801 1950 1862 2002; x_wconf 91' lang='grc' dir='ltr'><strong>Ν.</strong></span> <span class='ocrx_word' id='word_1_169' title='bbox 1911 1951 2118 2002; x_wconf 88' lang='lat' dir='ltr'><strong>Drusus</strong></span> <span class='ocrx_word' id='word_1_170' title='bbox 2155 1950 2412 2017; x_wconf 78' lang='lat' dir='ltr'><strong>Pontifex,</strong></span> 
     </span>
     <span class='ocr_line' id='line_1_20' title="bbox 402 2035 2412 2103; baseline 0.001 -16"><span class='ocrx_word' id='word_1_171' title='bbox 402 2036 492 2087; x_wconf 63' lang='grc' dir='ltr'><strong>ΤΥ.</strong></span> <span class='ocrx_word' id='word_1_172' title='bbox 545 2035 655 2088; x_wconf 88' lang='lat' dir='ltr'><strong>mil.</strong></span> <span class='ocrx_word' id='word_1_173' title='bbox 704 2036 885 2088; x_wconf 86' lang='lat' dir='ltr'><strong>XVvir</strong></span> <span class='ocrx_word' id='word_1_174' title='bbox 942 2037 1072 2090; x_wconf 85' lang='lat' dir='ltr'><strong>stlit.</strong></span> <span class='ocrx_word' id='word_1_175' title='bbox 1127 2038 1282 2091; x_wconf 87' lang='lat' dir='ltr'><strong>indic.</strong></span> <span class='ocrx_word' id='word_1_176' title='bbox 1320 2038 1408 2088; x_wconf 72' lang='lat' dir='ltr'><strong>Tr.</strong></span> <span class='ocrx_word' id='word_1_177' title='bbox 1445 2038 1515 2103; x_wconf 92' lang='lat' dir='ltr'><strong>pl.</strong></span> <span class='ocrx_word' id='word_1_178' title='bbox 1551 2037 1732 2090; x_wconf 84' lang='lat' dir='ltr'><strong>XVvir</strong></span> <span class='ocrx_word' id='word_1_179' title='bbox 1767 2039 1828 2089; x_wconf 79' lang='lat' dir='ltr'><strong>A.</strong></span> <span class='ocrx_word' id='word_1_180' title='bbox 1861 2038 1925 2088; x_wconf 82' lang='grc' dir='ltr'><strong>Β.</strong></span> <span class='ocrx_word' id='word_1_181' title='bbox 1960 2037 2027 2088; x_wconf 80' lang='grc' dir='ltr'><strong>Α.</strong></span> <span class='ocrx_word' id='word_1_182' title='bbox 2063 2037 2182 2103; x_wconf 76' lang='lat' dir='ltr'><strong>lege</strong></span> <span class='ocrx_word' id='word_1_183' title='bbox 2219 2052 2318 2088; x_wconf 88' lang='lat' dir='ltr'><strong>sua</strong></span> <span class='ocrx_word' id='word_1_184' title='bbox 2353 2039 2412 2090; x_wconf 88' lang='lat' dir='ltr'><strong>in</strong></span> 
     </span>
     <span class='ocr_line' id='line_1_21' title="bbox 400 2123 2409 2191; baseline 0.001 -18"><span class='ocrx_word' id='word_1_185' title='bbox 400 2123 716 2188; x_wconf 80' lang='lat' dir='ltr'><strong>magistratu</strong></span> <span class='ocrx_word' id='word_1_186' title='bbox 766 2130 998 2177; x_wconf 87' lang='lat' dir='ltr'><strong>mortuus</strong></span> <span class='ocrx_word' id='word_1_187' title='bbox 1055 2131 1152 2176; x_wconf 89' lang='lat' dir='ltr'><strong>est.</strong></span> <span class='ocrx_word' id='word_1_188' title='bbox 1222 2126 1293 2178; x_wconf 78' lang='lat' dir='ltr'><strong>Et</strong></span> <span class='ocrx_word' id='word_1_189' title='bbox 1341 2127 1451 2177; x_wconf 87' lang='lat' dir='ltr'><strong>eod.</strong></span> <span class='ocrx_word' id='word_1_190' title='bbox 1499 2125 1702 2177; x_wconf 86' lang='lat' dir='ltr'><strong>nomine</strong></span> <span class='ocrx_word' id='word_1_191' title='bbox 1750 2123 1933 2176; x_wconf 80' lang='lat' dir='ltr'><strong>XVvir</strong></span> <span class='ocrx_word' id='word_1_192' title='bbox 1976 2125 2040 2176; x_wconf 79' lang='lat' dir='ltr'><strong>A.</strong></span> <span class='ocrx_word' id='word_1_193' title='bbox 2089 2126 2153 2178; x_wconf 86' lang='lat'><strong>1).</strong></span> <span class='ocrx_word' id='word_1_194' title='bbox 2188 2125 2248 2176; x_wconf 86' lang='lat' dir='ltr'><strong>A.</strong></span> <span class='ocrx_word' id='word_1_195' title='bbox 2285 2125 2409 2191; x_wconf 79' lang='lat' dir='ltr'><strong>lege</strong></span> 
     </span>
     <span class='ocr_line' id='line_1_22' title="bbox 401 2207 1646 2277; baseline 0.002 -15"><span class='ocrx_word' id='word_1_196' title='bbox 401 2224 533 2262; x_wconf 88' lang='lat' dir='ltr'><strong>suae</strong></span> <span class='ocrx_word' id='word_1_197' title='bbox 569 2207 821 2275; x_wconf 81' lang='lat' dir='ltr'><strong>familiae,</strong></span> <span class='ocrx_word' id='word_1_198' title='bbox 859 2212 912 2262; x_wconf 87' lang='lat' dir='ltr'><strong>in</strong></span> <span class='ocrx_word' id='word_1_199' title='bbox 949 2211 1266 2277; x_wconf 80' lang='lat' dir='ltr'><strong>magistratu</strong></span> <span class='ocrx_word' id='word_1_200' title='bbox 1302 2211 1513 2263; x_wconf 88' lang='lat' dir='ltr'><strong>occisus</strong></span> <span class='ocrx_word' id='word_1_201' title='bbox 1550 2216 1646 2264; x_wconf 86' lang='lat' dir='ltr'><strong>est.</strong></span> 
     </span>
    </p>
   </div>
   <div class='ocr_carea' id='block_1_3' title="bbox 1193 2373 1609 2389">
    <p class='ocr_par' dir='ltr' id='par_1_4' title="bbox 1193 2373 1609 2389">
     <span class='ocr_line' id='line_1_23' title="bbox 1193 2373 1609 2389; baseline 0 0"><span class='ocrx_word' id='word_1_202' title='bbox 1193 2373 1609 2389; x_wconf 95' lang='lat' dir='ltr'><strong> </strong></span> 
     </span>
    </p>
   </div>
   <div class='ocr_carea' id='block_1_4' title="bbox 815 2525 1980 2589">
    <p class='ocr_par' dir='ltr' id='par_1_5' title="bbox 815 2525 1980 2589">
     <span class='ocr_line' id='line_1_24' title="bbox 815 2525 1980 2589; baseline 0.003 -3"><span class='ocrx_word' id='word_1_203' title='bbox 815 2525 960 2587; x_wconf 79' lang='lat' dir='ltr'><strong>lx.</strong></span> <span class='ocrx_word' id='word_1_204' title='bbox 994 2525 1084 2587; x_wconf 80' lang='lat' dir='ltr'><strong>L.</strong></span> <span class='ocrx_word' id='word_1_205' title='bbox 1117 2526 1502 2588; x_wconf 78' lang='lat' dir='ltr'><strong>Licinius</strong></span> <span class='ocrx_word' id='word_1_206' title='bbox 1534 2527 1980 2589; x_wconf 77' lang='lat' dir='ltr'><strong>Lucullus-</strong></span> 
     </span>
    </p>
   </div>
   <div class='ocr_carea' id='block_1_5' title="bbox 388 2656 2403 3689">
    <p class='ocr_par' dir='ltr' id='par_1_6' title="bbox 388 2656 2403 3689">
     <span class='ocr_line' id='line_1_25' title="bbox 534 2656 2402 2727; baseline 0.004 -20"><span class='ocrx_word' id='word_1_207' title='bbox 534 2656 777 2710; x_wconf 79' lang='lat' dir='ltr'><strong>Continet</strong></span> <span class='ocrx_word' id='word_1_208' title='bbox 827 2658 1050 2724; x_wconf 79' lang='lat' dir='ltr'><strong>elogium</strong></span> <span class='ocrx_word' id='word_1_209' title='bbox 1087 2659 1297 2711; x_wconf 84' lang='lat' dir='ltr'><strong>Luculli</strong></span> <span class='ocrx_word' id='word_1_210' title='bbox 1334 2660 1592 2727; x_wconf 81' lang='lat' dir='ltr'><strong>honores3</strong></span> <span class='ocrx_word' id='word_1_211' title='bbox 1646 2662 1706 2713; x_wconf 91' lang='lat' dir='ltr'><strong>de</strong></span> <span class='ocrx_word' id='word_1_212' title='bbox 1742 2661 2050 2713; x_wconf 84' lang='lat' dir='ltr'><strong>Mithridate</strong></span> <span class='ocrx_word' id='word_1_213' title='bbox 2087 2667 2138 2714; x_wconf 85' lang='lat' dir='ltr'><strong>et</strong></span> <span class='ocrx_word' id='word_1_214' title='bbox 2172 2661 2402 2727; x_wconf 78' lang='lat' dir='ltr'><strong>&#39;Pigrane</strong></span> 
     </span>
     <span class='ocr_line' id='line_1_26' title="bbox 395 2743 2403 2810; baseline 0.003 -16"><span class='ocrx_word' id='word_1_215' title='bbox 395 2743 713 2810; x_wconf 81' lang='lat' dir='ltr'><strong>triumphos3</strong></span> <span class='ocrx_word' id='word_1_216' title='bbox 752 2743 1133 2797; x_wconf 76' lang='lat' dir='ltr'><strong>chalcedonem</strong></span> <span class='ocrx_word' id='word_1_217' title='bbox 1170 2747 1348 2798; x_wconf 89' lang='lat' dir='ltr'><strong>urbem</strong></span> <span class='ocrx_word' id='word_1_218' title='bbox 1374 2748 1436 2799; x_wconf 95' lang='lat' dir='ltr'><strong>ab</strong></span> <span class='ocrx_word' id='word_1_219' title='bbox 1473 2749 1738 2801; x_wconf 89' lang='lat' dir='ltr'><strong>obsidione</strong></span> <span class='ocrx_word' id='word_1_220' title='bbox 1767 2748 2092 2800; x_wconf 86' lang='lat' dir='ltr'><strong>Mithridatis</strong></span> <span class='ocrx_word' id='word_1_221' title='bbox 2113 2751 2403 2801; x_wconf 86' lang='lat' dir='ltr'><strong>liberatam.</strong></span> 
     </span>
     <span class='ocr_line' id='line_1_27' title="bbox 393 2830 2402 2901; baseline 0.001 -18"><span class='ocrx_word' id='word_1_222' title='bbox 393 2859 462 2867; x_wconf 93' lang='lat'><strong>—</strong></span> <span class='ocrx_word' id='word_1_223' title='bbox 497 2834 573 2883; x_wconf 89' lang='lat' dir='ltr'><strong>De</strong></span> <span class='ocrx_word' id='word_1_224' title='bbox 621 2830 794 2896; x_wconf 87' lang='lat' dir='ltr'><strong>lapide</strong></span> <span class='ocrx_word' id='word_1_225' title='bbox 843 2832 925 2882; x_wconf 90' lang='lat' dir='ltr'><strong>cui</strong></span> <span class='ocrx_word' id='word_1_226' title='bbox 975 2832 1247 2898; x_wconf 87' lang='lat' dir='ltr'><strong>inscriptio</strong></span> <span class='ocrx_word' id='word_1_227' title='bbox 1285 2834 1458 2886; x_wconf 89' lang='lat' dir='ltr'><strong>incisa</strong></span> <span class='ocrx_word' id='word_1_228' title='bbox 1493 2840 1576 2886; x_wconf 87' lang='lat' dir='ltr'><strong>est</strong></span> <span class='ocrx_word' id='word_1_229' title='bbox 1610 2836 1802 2887; x_wconf 84' lang='lat' dir='ltr'><strong>Gorius</strong></span> <span class='ocrx_word' id='word_1_230' title='bbox 1859 2833 2152 2901; x_wconf 88' lang='lat' dir='ltr'><strong>(Inscriptt.</strong></span> <span class='ocrx_word' id='word_1_231' title='bbox 2186 2837 2402 2888; x_wconf 87' lang='lat' dir='ltr'><strong>Etrusc.</strong></span> 
     </span>
     <span class='ocr_line' id='line_1_28' title="bbox 393 2917 2401 2988; baseline 0 -16"><span class='ocrx_word' id='word_1_232' title='bbox 393 2921 539 2972; x_wconf 74' lang='lat' dir='ltr'><strong>Tom.</strong></span> <span class='ocrx_word' id='word_1_233' title='bbox 576 2919 643 2969; x_wconf 90' lang='lat'><strong>11.</strong></span> <span class='ocrx_word' id='word_1_234' title='bbox 682 2933 729 2982; x_wconf 86' lang='lat' dir='ltr'><strong>p.</strong></span> <span class='ocrx_word' id='word_1_235' title='bbox 762 2917 911 2982; x_wconf 83' lang='grc'><strong>255.)</strong></span> <span class='ocrx_word' id='word_1_236' title='bbox 952 2919 1085 2971; x_wconf 89' lang='lat' dir='ltr'><strong>haec</strong></span> <span class='ocrx_word' id='word_1_237' title='bbox 1122 2920 1301 2972; x_wconf 85' lang='lat' dir='ltr'><strong>habet:</strong></span> <span class='ocrx_word' id='word_1_238' title='bbox 1352 2923 1587 2985; x_wconf 71' lang='lat' dir='ltr'><strong>„Tabula</strong></span> <span class='ocrx_word' id='word_1_239' title='bbox 1621 2937 1911 2974; x_wconf 89' lang='lat' dir='ltr'><strong>marmorea</strong></span> <span class='ocrx_word' id='word_1_240' title='bbox 1947 2923 2057 2974; x_wconf 87' lang='lat' dir='ltr'><strong>alta</strong></span> <span class='ocrx_word' id='word_1_241' title='bbox 2091 2923 2269 2988; x_wconf 89' lang='lat' dir='ltr'><strong>pedem</strong></span> <span class='ocrx_word' id='word_1_242' title='bbox 2304 2937 2401 2973; x_wconf 91' lang='lat' dir='ltr'><strong>ro-</strong></span> 
     </span>
     <span class='ocr_line' id='line_1_29' title="bbox 401 3007 2399 3079; baseline 0.003 -22"><span class='ocrx_word' id='word_1_243' title='bbox 401 3021 601 3058; x_wconf 82' lang='lat' dir='ltr'><strong>manum</strong></span> <span class='ocrx_word' id='word_1_244' title='bbox 640 3008 665 3055; x_wconf 88' lang='lat'>1</span> <span class='ocrx_word' id='word_1_245' title='bbox 707 3009 759 3055; x_wconf 89' lang='lat' dir='ltr'><strong>et</strong></span> <span class='ocrx_word' id='word_1_246' title='bbox 794 3021 909 3058; x_wconf 79' lang='lat' dir='ltr'><strong>unc.</strong></span> <span class='ocrx_word' id='word_1_247' title='bbox 946 3007 1033 3071; x_wconf 85' lang='lat'><strong>13,</strong></span> <span class='ocrx_word' id='word_1_248' title='bbox 1070 3007 1180 3058; x_wconf 87' lang='lat' dir='ltr'><strong>lata</strong></span> <span class='ocrx_word' id='word_1_249' title='bbox 1211 3008 1403 3059; x_wconf 86' lang='lat' dir='ltr'><strong>ibidem</strong></span> <span class='ocrx_word' id='word_1_250' title='bbox 1439 3008 1617 3074; x_wconf 87' lang='lat' dir='ltr'><strong>pedem</strong></span> <span class='ocrx_word' id='word_1_251' title='bbox 1655 3012 1714 3075; x_wconf 88' lang='lat'><strong>1,</strong></span> <span class='ocrx_word' id='word_1_252' title='bbox 1753 3026 1883 3079; x_wconf 89' lang='lat' dir='ltr'><strong>quae</strong></span> <span class='ocrx_word' id='word_1_253' title='bbox 1922 3015 2092 3061; x_wconf 84' lang='lat' dir='ltr'><strong>exstat</strong></span> <span class='ocrx_word' id='word_1_254' title='bbox 2125 3011 2178 3061; x_wconf 90' lang='lat' dir='ltr'><strong>in</strong></span> <span class='ocrx_word' id='word_1_255' title='bbox 2211 3010 2399 3062; x_wconf 85' lang='lat' dir='ltr'><strong>Museo</strong></span> 
     </span>
     <span class='ocr_line' id='line_1_30' title="bbox 393 3085 2400 3167; baseline 0.002 -23"><span class='ocrx_word' id='word_1_256' title='bbox 393 3091 701 3159; x_wconf 82' lang='lat' dir='ltr'><strong>Hieronymi</strong></span> <span class='ocrx_word' id='word_1_257' title='bbox 747 3085 956 3159; x_wconf 82' lang='lat' dir='ltr'><strong>Equitis</strong></span> <span class='ocrx_word' id='word_1_258' title='bbox 1003 3091 1181 3144; x_wconf 90' lang='lat' dir='ltr'><strong>Baccii</strong></span> <span class='ocrx_word' id='word_1_259' title='bbox 1230 3093 1501 3158; x_wconf 82' lang='lat' dir='ltr'><strong>(Arretii).</strong></span> <span class='ocrx_word' id='word_1_260' title='bbox 1570 3097 1717 3148; x_wconf 83' lang='lat' dir='ltr'><strong>Haec</strong></span> <span class='ocrx_word' id='word_1_261' title='bbox 1755 3094 1950 3167; x_wconf 77' lang='lat' dir='ltr'><strong>quoqu‘e</strong></span> <span class='ocrx_word' id='word_1_262' title='bbox 1987 3113 2274 3149; x_wconf 85' lang='lat' dir='ltr'><strong>marmorea</strong></span> <span class='ocrx_word' id='word_1_263' title='bbox 2306 3103 2400 3148; x_wconf 90' lang='lat' dir='ltr'><strong>ta-</strong></span> 
     </span>
     <span class='ocr_line' id='line_1_31' title="bbox 392 3178 2400 3251; baseline 0.001 -18"><span class='ocrx_word' id='word_1_264' title='bbox 392 3179 522 3233; x_wconf 85' lang='lat' dir='ltr'><strong>bula</strong></span> <span class='ocrx_word' id='word_1_265' title='bbox 570 3179 740 3230; x_wconf 81' lang='lat' dir='ltr'><strong>fertur</strong></span> <span class='ocrx_word' id='word_1_266' title='bbox 789 3179 1002 3230; x_wconf 85' lang='lat' dir='ltr'><strong>inventa</strong></span> <span class='ocrx_word' id='word_1_267' title='bbox 1038 3178 1299 3244; x_wconf 82' lang='lat' dir='ltr'><strong>(Arretii)</strong></span> <span class='ocrx_word' id='word_1_268' title='bbox 1337 3197 1470 3232; x_wconf 90' lang='lat' dir='ltr'><strong>anno</strong></span> <span class='ocrx_word' id='word_1_269' title='bbox 1505 3184 1642 3233; x_wconf 83' lang='lat'>1688</span> <span class='ocrx_word' id='word_1_270' title='bbox 1675 3183 1820 3234; x_wconf 83' lang='lat' dir='ltr'><strong>iuxta</strong></span> <span class='ocrx_word' id='word_1_271' title='bbox 1854 3184 2064 3237; x_wconf 86' lang='lat' dir='ltr'><strong>Portam</strong></span> <span class='ocrx_word' id='word_1_272' title='bbox 2098 3185 2259 3249; x_wconf 80' lang='lat' dir='ltr'><strong>vulgo</strong></span> <span class='ocrx_word' id='word_1_273' title='bbox 2298 3200 2400 3251; x_wconf 88' lang='lat' dir='ltr'><strong>ap-</strong></span> 
     </span>
     <span class='ocr_line' id='line_1_32' title="bbox 391 3258 2396 3337; baseline 0.003 -20"><span class='ocrx_word' id='word_1_274' title='bbox 391 3267 636 3333; x_wconf 88' lang='lat' dir='ltr'><strong>pellatam</strong></span> <span class='ocrx_word' id='word_1_275' title='bbox 691 3264 1022 3330; x_wconf 85' lang='lat' dir='ltr'><strong>Colcitrone,</strong></span> <span class='ocrx_word' id='word_1_276' title='bbox 1078 3282 1140 3317; x_wconf 88' lang='lat' dir='ltr'><strong>ac</strong></span> <span class='ocrx_word' id='word_1_277' title='bbox 1192 3267 1407 3333; x_wconf 85' lang='lat' dir='ltr'><strong>proinde</strong></span> <span class='ocrx_word' id='word_1_278' title='bbox 1456 3258 1631 3319; x_wconf 81' lang='lat' dir='ltr'><strong>eodem</strong></span> <span class='ocrx_word' id='word_1_279' title='bbox 1667 3269 1781 3320; x_wconf 92' lang='lat' dir='ltr'><strong>loco</strong></span> <span class='ocrx_word' id='word_1_280' title='bbox 1820 3276 1872 3321; x_wconf 87' lang='lat' dir='ltr'><strong>et</strong></span> <span class='ocrx_word' id='word_1_281' title='bbox 1903 3276 2132 3337; x_wconf 85' lang='lat' dir='ltr'><strong>tempore</strong></span> <span class='ocrx_word' id='word_1_282' title='bbox 2170 3272 2396 3336; x_wconf 88' lang='lat' dir='ltr'><strong>detecta,</strong></span> 
     </span>
     <span class='ocr_line' id='line_1_33' title="bbox 390 3351 2396 3421; baseline 0.004 -17"><span class='ocrx_word' id='word_1_283' title='bbox 390 3368 488 3421; x_wconf 85' lang='lat' dir='ltr'><strong>quo</strong></span> <span class='ocrx_word' id='word_1_284' title='bbox 541 3352 717 3403; x_wconf 87' lang='lat' dir='ltr'><strong>tabula</strong></span> <span class='ocrx_word' id='word_1_285' title='bbox 763 3352 814 3401; x_wconf 92' lang='lat' dir='ltr'><strong>in</strong></span> <span class='ocrx_word' id='word_1_286' title='bbox 858 3351 1100 3403; x_wconf 87' lang='lat' dir='ltr'><strong>hororem</strong></span> <span class='ocrx_word' id='word_1_287' title='bbox 1147 3354 1353 3405; x_wconf 87' lang='lat' dir='ltr'><strong>Valerii</strong></span> <span class='ocrx_word' id='word_1_288' title='bbox 1385 3352 1648 3407; x_wconf 82' lang='lat' dir='ltr'><strong>Maximi.“</strong></span> <span class='ocrx_word' id='word_1_289' title='bbox 1699 3382 1766 3394; x_wconf 95' lang='lat'><strong>—</strong></span> <span class='ocrx_word' id='word_1_290' title='bbox 1800 3357 2091 3409; x_wconf 83' lang='lat' dir='ltr'><strong>Ediderunt</strong></span> <span class='ocrx_word' id='word_1_291' title='bbox 2124 3360 2250 3410; x_wconf 63' lang='grc' dir='ltr'><strong>(ἔοι-ἱ</strong></span> <span class='ocrx_word' id='word_1_292' title='bbox 2285 3359 2320 3414; x_wconf 88' lang='lat' dir='ltr'><strong>l.</strong></span> <span class='ocrx_word' id='word_1_293' title='bbox 2358 3360 2396 3412; x_wconf 89' lang='lat' dir='ltr'><strong>l.</strong></span> 
     </span>
     <span class='ocr_line' id='line_1_34' title="bbox 389 3439 2395 3510; baseline 0.004 -18"><span class='ocrx_word' id='word_1_294' title='bbox 389 3440 622 3492; x_wconf 81' lang='lat' dir='ltr'><strong>Morcell.</strong></span> <span class='ocrx_word' id='word_1_295' title='bbox 671 3440 706 3490; x_wconf 93' lang='lat' dir='ltr'><strong>l.</strong></span> <span class='ocrx_word' id='word_1_296' title='bbox 742 3439 777 3489; x_wconf 95' lang='lat' dir='ltr'><strong>l.</strong></span> <span class='ocrx_word' id='word_1_297' title='bbox 814 3454 862 3504; x_wconf 89' lang='lat' dir='ltr'><strong>p.</strong></span> <span class='ocrx_word' id='word_1_298' title='bbox 901 3440 1028 3504; x_wconf 83' lang='lat'><strong>268,</strong></span> <span class='ocrx_word' id='word_1_299' title='bbox 1079 3444 1292 3510; x_wconf 88' lang='lat' dir='ltr'><strong>uterque</strong></span> <span class='ocrx_word' id='word_1_300' title='bbox 1339 3457 1447 3494; x_wconf 88' lang='lat' dir='ltr'><strong>cum</strong></span> <span class='ocrx_word' id='word_1_301' title='bbox 1504 3445 1900 3505; x_wconf 80' lang='lat' dir='ltr'><strong>commentari03</strong></span> <span class='ocrx_word' id='word_1_302' title='bbox 1959 3445 2139 3498; x_wconf 81' lang='lat' dir='ltr'><strong>Orelli.</strong></span> <span class='ocrx_word' id='word_1_303' title='bbox 2177 3446 2395 3501; x_wconf 79' lang='lat' dir='ltr'><strong>collect.</strong></span> 
     </span>
     <span class='ocr_line' id='line_1_35' title="bbox 388 3527 2395 3601; baseline 0.004 -24"><span class='ocrx_word' id='word_1_304' title='bbox 388 3528 657 3592; x_wconf 85' lang='lat' dir='ltr'><strong>Inscriptt.</strong></span> <span class='ocrx_word' id='word_1_305' title='bbox 693 3540 746 3575; x_wconf 92' lang='lat' dir='ltr'><strong>n.</strong></span> <span class='ocrx_word' id='word_1_306' title='bbox 781 3527 902 3576; x_wconf 81' lang='grc'><strong>545.</strong></span> <span class='ocrx_word' id='word_1_307' title='bbox 939 3551 1008 3562; x_wconf 91' lang='grc'><strong>-</strong></span> <span class='ocrx_word' id='word_1_308' title='bbox 1046 3527 1112 3577; x_wconf 81' lang='lat' dir='ltr'><strong>cf.</strong></span> <span class='ocrx_word' id='word_1_309' title='bbox 1148 3528 1326 3579; x_wconf 85' lang='lat' dir='ltr'><strong>Aurel.</strong></span> <span class='ocrx_word' id='word_1_310' title='bbox 1361 3529 1561 3581; x_wconf 86' lang='lat' dir='ltr'><strong>Victor.</strong></span> <span class='ocrx_word' id='word_1_311' title='bbox 1598 3531 1674 3582; x_wconf 86' lang='lat' dir='ltr'><strong>De</strong></span> <span class='ocrx_word' id='word_1_312' title='bbox 1709 3532 1820 3585; x_wconf 88' lang='lat' dir='ltr'><strong>Vir.</strong></span> <span class='ocrx_word' id='word_1_313' title='bbox 1858 3534 1932 3585; x_wconf 90' lang='lat' dir='ltr'><strong>ill.</strong></span> <span class='ocrx_word' id='word_1_314' title='bbox 1968 3550 2081 3601; x_wconf 84' lang='lat' dir='ltr'><strong>cap.</strong></span> <span class='ocrx_word' id='word_1_315' title='bbox 2116 3534 2199 3584; x_wconf 76' lang='lat'><strong>⁷4.</strong></span> <span class='ocrx_word' id='word_1_316' title='bbox 2248 3532 2395 3586; x_wconf 86' lang='lat' dir='ltr'><strong>Dru-</strong></span> 
     </span>
     <span class='ocr_line' id='line_1_36' title="bbox 389 3611 1963 3689; baseline 0.005 -26"><span class='ocrx_word' id='word_1_317' title='bbox 389 3628 557 3664; x_wconf 85' lang='lat' dir='ltr'><strong>mann.</strong></span> <span class='ocrx_word' id='word_1_318' title='bbox 595 3611 917 3664; x_wconf 76' lang='lat' dir='ltr'><strong>Geschichte</strong></span> <span class='ocrx_word' id='word_1_319' title='bbox 950 3614 1110 3664; x_wconf 82' lang='lat' dir='ltr'><strong>Roms</strong></span> <span class='ocrx_word' id='word_1_320' title='bbox 1150 3619 1249 3666; x_wconf 89' lang='lat' dir='ltr'><strong>etc.</strong></span> <span class='ocrx_word' id='word_1_321' title='bbox 1289 3615 1434 3667; x_wconf 75' lang='lat' dir='ltr'><strong>Tom.</strong></span> <span class='ocrx_word' id='word_1_322' title='bbox 1472 3617 1563 3670; x_wconf 87' lang='lat' dir='ltr'><strong>IV.</strong></span> <span class='ocrx_word' id='word_1_323' title='bbox 1600 3636 1647 3685; x_wconf 92' lang='lat' dir='ltr'><strong>p.</strong></span> <span class='ocrx_word' id='word_1_324' title='bbox 1686 3622 1786 3671; x_wconf 83' lang='lat'><strong>120</strong></span> <span class='ocrx_word' id='word_1_325' title='bbox 1821 3637 1963 3689; x_wconf 84' lang='lat' dir='ltr'><strong>seqq.</strong></span> 
     </span>
    </p>
   </div>
   <div class='ocr_carea' id='block_1_6' title="bbox 389 3808 2388 4013">
    <p class='ocr_par' dir='ltr' id='par_1_7' title="bbox 389 3808 2388 4013">
     <span class='ocr_line' id='line_1_37' title="bbox 562 3808 2385 3897; baseline 0.009 -27"><span class='ocrx_word' id='word_1_326' title='bbox 562 3809 630 3871; x_wconf 93' lang='lat' dir='ltr'><strong>L.</strong></span> <span class='ocrx_word' id='word_1_327' title='bbox 670 3808 910 3872; x_wconf 88' lang='lat' dir='ltr'><strong>Licinus</strong></span> <span class='ocrx_word' id='word_1_328' title='bbox 951 3810 1014 3873; x_wconf 93' lang='lat' dir='ltr'><strong>L.</strong></span> <span class='ocrx_word' id='word_1_329' title='bbox 1059 3813 1122 3875; x_wconf 90' lang='lat' dir='ltr'><strong>F.</strong></span> <span class='ocrx_word' id='word_1_330' title='bbox 1169 3814 1477 3887; x_wconf 79' lang='lat' dir='ltr'><strong>LuculluS,</strong></span> <span class='ocrx_word' id='word_1_331' title='bbox 1523 3817 1657 3879; x_wconf 88' lang='lat' dir='ltr'><strong>Cos.</strong></span> <span class='ocrx_word' id='word_1_332' title='bbox 1707 3818 1802 3879; x_wconf 87' lang='lat' dir='ltr'><strong>Pr.</strong></span> <span class='ocrx_word' id='word_1_333' title='bbox 1836 3818 1982 3882; x_wconf 86' lang='lat' dir='ltr'><strong>Aed.</strong></span> <span class='ocrx_word' id='word_1_334' title='bbox 2018 3839 2140 3884; x_wconf 90' lang='lat' dir='ltr'><strong>cur.</strong></span> <span class='ocrx_word' id='word_1_335' title='bbox 2177 3823 2245 3897; x_wconf 88' lang='lat' dir='ltr'><strong>Q.</strong></span> <span class='ocrx_word' id='word_1_336' title='bbox 2284 3824 2385 3887; x_wconf 89' lang='lat' dir='ltr'><strong>Tr.</strong></span> 
     </span>
     <span class='ocr_line' id='line_1_38' title="bbox 389 3922 2388 4013; baseline 0.009 -28"><span class='ocrx_word' id='word_1_337' title='bbox 389 3922 669 3997; x_wconf 89' lang='lat' dir='ltr'><strong>militum,</strong></span> <span class='ocrx_word' id='word_1_338' title='bbox 714 3922 861 4006; x_wconf 84' lang='lat' dir='ltr'><strong>Aug.</strong></span> <span class='ocrx_word' id='word_1_339' title='bbox 909 3926 1309 4011; x_wconf 84' lang='lat' dir='ltr'><strong>Triumphavit</strong></span> <span class='ocrx_word' id='word_1_340' title='bbox 1369 3931 1443 3993; x_wconf 90' lang='lat' dir='ltr'><strong>de</strong></span> <span class='ocrx_word' id='word_1_341' title='bbox 1482 3947 1624 4013; x_wconf 85' lang='lat' dir='ltr'><strong>rege</strong></span> <span class='ocrx_word' id='word_1_342' title='bbox 1664 3933 1833 3996; x_wconf 89' lang='lat' dir='ltr'><strong>Ponti</strong></span> <span class='ocrx_word' id='word_1_343' title='bbox 1871 3933 2171 4000; x_wconf 83' lang='lat' dir='ltr'><strong>Mitridate</strong></span> <span class='ocrx_word' id='word_1_344' title='bbox 2205 3945 2269 4000; x_wconf 77' lang='lat' dir='ltr'><strong>et</strong></span> <span class='ocrx_word' id='word_1_345' title='bbox 2310 3939 2388 4003; x_wconf 89' lang='lat' dir='ltr'><strong>de</strong></span> 
     </span>
    </p>
   </div>
  </div>
 </body>
</html>
