2674 4449
1254 252 1365 331 37.

289 446 428 499 huno
479 443 645 510 elogii
696 449 869 501 locum
916 440 1200 496 memoriae
1249 434 1511 503 proditum
1561 447 1665 483 non
1700 411 1928 481 invenio.
1962 455 2031 468 —
2069 425 2319 478 Praetor.

289 536 368 589 De
419 542 672 602 praetura
717 531 871 585 Pauli
904 526 1221 580 Plutarchus
1257 522 1312 573 in
1348 520 1467 572 eius
1502 518 1616 568 vita
1651 531 1765 582 cap.
1800 516 1852 565 4.
1900 510 2124 580 πἀνέστη
2160 506 2319 565 πόλε-

290 645 388 691 μος
435 623 490 677 έν
533 619 740 691 Ἰβηρίᾳ
787 612 1086 686 κινημάτων
1117 605 1359 676 μεγάλων
1392 605 1697 674 γενομένων.
1759 598 1889 654 Ἐπὶ
1920 601 2114 652 τοῦτον
2151 594 2180 649 ὅ
2215 598 2322 650 ,Αἰ-

291 713 464 778 μίλιος
513 708 817 772 ἐξεπέμφθη
855 694 1148 773 στρατηγὸς
1184 691 1284 760 οὐχ
1317 692 1371 751 ἓξ
1406 693 1533 756 ἔχων
1567 689 1809 750 πελέκεις,
1845 679 1998 744 ὅσους
2032 686 2238 748 ἔχουσιν
2272 680 2325 735 οἶ

295 796 709 867 στρατηγοῦντες
744 786 885 842 ἀλλὰ
920 778 1240 859 προσλαβὼν
1271 778 1478 848 ἐτέρους
1511 771 1796 832 τοσούτούς
1810 809 1828 838 ,
1865 764 1993 824 ὥστε
2027 772 2122 838 τῆς
2154 764 2325 839 ἀρχῆς

264 918 277 930 x
298 879 562 939 ὑπατικὸν
594 879 847 949 γενέσθαι
880 870 943 927 τὸ
978 868 1198 932 ἆξὶωμα.
1265 865 1494 916 Praetor
1537 861 1592 912 in
1627 856 1889 924 Hispania
1923 853 2197 919 victoriam
2231 867 2327 904 re-
2357 844 2364 847 “

299 967 547 1037 portavit,
582 970 796 1032 propter
832 972 987 1028 quam
1022 951 1339 1019 supplicatio
1378 966 1412 1000 a
1447 951 1638 1000 senatu
1673 945 1888 996 decreta
1922 943 2025 1004 est,
2060 938 2216 991 Livio
2236 936 2325 990 te-

301 1058 478 1108 stante
511 1052 628 1104 Lib.
662 1051 748 1101 3⁷.
793 1060 910 1112 cap.
945 1046 1032 1094 58.
1838 1085 1843 1090 ,
2284 1011 2287 1014 ’

440 1135 610 1192 Audit.
657 1133 840 1188 euml.
891 1125 1215 1182 Plutarchus
1267 1119 1457 1172 Aemil.
1496 1116 1646 1166 Paul.
1685 1126 1799 1178 cap.
1837 1112 1889 1162 3.
1940 1105 2172 1181 Πρώτην
2202 1106 2335 1172 γοῦν

303 1230 408 1283 ’τῶν
442 1222 734 1286 ἐπιφανεῶν
767 1215 949 1290 α’ρχῶν
983 1206 1351 1279 ἀγορανομέαν
1385 1197 1659 1267 μετελθὼν
1694 1196 1975 1268 προκρέθη
2026 1193 2152 1247 δέκα
2190 1193 2333 1244 δυεῖν

305 1311 512 1378 ἀνδρῶν
539 1298 1121 1373 συναπογραψαμένων,
1158 1288 1248 1350 οὓς
1270 1281 1490 1358 ὕστερον
1520 1282 1767 1342 ἅπαντας
1798 1281 2098 1336 ὑπατεῦσαι
2115 1279 2337 1344 λέγουσι.
2443 1277 2452 1282 ”

307 1428 369 1465 -7
406 1396 487 1463 De
542 1393 833 1459 quaestura
885 1380 1040 1435 Pauli
1091 1383 1145 1428 et
1189 1387 1401 1426 munere
1449 1369 1645 1423 tribuni
1680 1367 1835 1419 milit.
1869 1365 2001 1417 nihil
2039 1363 2163 1414 aliis
2198 1361 2334 1414 locis

303 1474 863 1548 reperi.—Au9urem
896 1468 1057 1518 rebus
1094 1459 1288 1513 divinis
1324 1471 1530 1517 summa
1565 1469 1681 1506 cum
1718 1469 1846 1505 cura
1877 1464 2089 1516 operam
2123 1444 2339 1497 dedisse

304 1561 630 1618 Plutarchus
665 1556 703 1607 l.
737 1556 772 1606 l.
809 1554 896 1620 qui
933 1565 1049 1602 eum
1083 1546 1209 1601 dicit
1241 1539 1523 1616 ἱερωσύνην
1555 1544 1660 1595 τῶν
1695 1535 2006 1606 ἀκροτάτων
2039 1535 2168 1597 μίαν
2196 1529 2338 1599 ἄπο-

307 1655 473 1721 φῆναι
525 1645 749 1711 τεχνῶν,
806 1639 896 1692 καὶ
938 1636 1279 1706 μαρτυρῆσαι
1311 1633 1425 1688 τοῖς
1459 1625 1760 1690 φιλοσόφοις
1794 1621 1909 1677 ὅσοι
1941 1619 2041 1689 τὴν
2077 1616 2340 1684 εὐσέβειαν

309 1737 568 1809 ὧρέσαντο
604 1725 902 1801 θεραπείας
934 1724 1080 1777 θεῶν
1113 1714 1410 1786 ἐπιστήμην
1443 1705 1593 1769 εἶναι.
1663 1712 1905 1777 Idemque
1938 1707 2157 1759 Paulum
2193 1705 2342 1768 φιλο-

313 1825 493 1892 θύτην
526 1820 620 1874 καὶ
651 1810 905 1880 μαντικὸν
941 1807 1137 1874 apellat
1173 1819 1287 1869 cap.
1325 1801 1414 1854 17.

452 1886 752 1974 &quiribus
789 1894 1027 1950 domitis.
1062 1892 1140 1942 De
1176 1890 1278 1940 hoc
1313 1880 1456 1939 b'ello
1494 1889 1547 1936 et
1582 1884 1889 1950 insequente
1924 1877 2183 1942 triumpho
2207 1874 2343 1925 ube-

313 1998 430 2050 rius
479 1991 697 2043 narrant
746 1982 959 2034 Livius·
988 1978 1105 2030 XL.
1156 1977 1245 2025 25.
1291 1988 1403 2038 seq.
1441 1975 1495 2022 et
1526 1969 1850 2022 Plutarchus
1884 1965 1939 2017 in
1974 1963 2167 2015 Aemil.
2207 1975 2253 2011 c.
2290 1961 2342 2008 6.

314 2081 492 2135 Etiam
527 2073 663 2141 apud
696 2067 970 2121 Aurelium
1006 2062 1274 2113 Victorem
1307 2058 1343 2108 l.
1381 2057 1415 2106 l.
1453 2055 1712 2108 Aemilius
1750 2053 1914 2119 primo
1966 2047 2245 2100 consulatu
2280 2045 2346 2093 de

315 2162 608 2231 Liguribus
643 2152 1004 2218 triumphasse
1045 2148 1493 2204 commemoratur.
1582 2140 1883 2206 Quanquam
1917 2135 2243 2198 Interpretes
2281 2128 2348 2178 ad

317 2254 372 2309 h.
407 2250 442 2301 l.
481 2247 785 2300 observant,
819 2252 922 2289 non
958 2231 1258 2289 consulem,
1294 2229 1392 2275 sod
1427 2222 1725 2288 insequenti
1761 2231 1896 2267 anno
1925 2214 2210 2280 prorogato
2243 2208 2346 2260 im-

319 2336 465 2405 perio
501 2332 722 2386 Paulum
755 2326 894 2373 hunc
928 2312 1242 2379 triumphum
1278 2309 1485 2373 egisse.
1522 2304 1699 2369 Neque
1724 2316 1851 2352 vero
1876 2300 1977 2349 hoc
2001 2296 2160 2349 alieni
2192 2294 2348 2361 qnid-

322 2433 474 2490 quam
509 2414 694 2467 habett
730 2413 799 2480 ut,
823 2404 960 2456 enim
992 2395 1304 2452 Perizonius
1345 2389 1713 2444 AnimadverS.
1750 2386 1878 2437 hist.
1915 2385 2045 2450 Cap.
2072 2382 2189 2432 VII.
2226 2394 2348 2444 pag.

321 2507 445 2558 309.
483 2496 828 2555 demonstrat,
862 2486 1003 2540 haud
1037 2497 1161 2534 raro
1195 2478 1439 2532 homines
1461 2476 1789 2528 Consulares
1826 2486 1892 2523 ac
1914 2466 2179 2522 Praetorii
2215 2464 2352 2531 apud

323 2594 537 2643 veteres
574 2596 750 2635 rerum
787 2575 1081 2641 scriptores
1119 2564 1384 2619 Consules
1422 2566 1475 2613 et
1509 2562 1794 2613 Praetores
1828 2559 2101 2610 vocantur.

461 2675 668 2725 Iterum
705 2662 927 2717 Consul.
993 2661 1136 2721 Quae
1173 2652 1404 2720 proxime
1442 2654 1729 2716 sequuntur
1764 2650 1871 2697 tam
1903 2644 2082 2694 lacera
2118 2641 2261 2705 sunt,
2298 2640 2356 2687 ut

325 2766 485 2820 varia
519 2755 855 2814 coniectando
879 2747 1105 2818 proferri
1137 2744 1369 2811 possint,
1407 2743 1504 2792 sed
1532 2740 1693 2791 verba
1730 2736 1893 2801 elogii
1913 2735 2206 2796 intercepta
2226 2743 2354 2780 cer-

328 2851 401 2906 tis
438 2845 732 2903 rationibus
770 2836 985 2892 restitui
1020 2834 1292 2898 nequeant.
1332 2829 1448 2879 Hoc
1484 2832 1655 2878 tamen
1691 2825 1865 2890 patet,
1901 2811 2354 2871 commemoratum

329 2939 406 2991 ibi
452 2936 623 2986 fuisse
665 2928 861 2981 bellum
910 2924 1096 2975 contra
1134 2919 1388 2969 Perseum
1422 2919 1475 2964 et
1510 2912 1868 2978 insequentem
1897 2903 2243 2969 triumphum,
2292 2900 2356 2950 dc

333 3023 519 3094 quibus
566 3014 841 3083 copiosius,
871 3009 1131 3077 exponunt
1163 3001 1352 3055 Livius
1393 2989 1593 3063 XLIV,
1651 2998 1731 3047 18.
1766 3008 1912 3061 seqq.
1948 2988 2266 3043 Plutarchus
2302 2984 2357 3034 in

333 3100 524 3163 Aemil.
562 3118 678 3168 cap.
712 3099 800 3150 10.
838 3111 980 3162 seqq.

337 3409 664 3476 xvm.
707 3403 804 3467 L.
834 3397 1259 3465 Aemilius
1286 3392 1620 3458 Paulus
1653 3388 1743 3449 et
1771 3384 1872 3448 P.
1894 3374 2363 3444 cornelius

784 3511 1081 3590 scipio
1113 3506 1582 3571 Africanus
1613 3498 1939 3561 minor.
1985 3558 1995 3570 ,
2099 3480 2104 3486 ’

396 3646 402 3653 ’
479 3651 662 3708 Edidit
711 3649 912 3717 primus
960 3645 1220 3698 Gruterus
1270 3655 1395 3707 pag.
1430 3639 1568 3701 298,
1614 3636 1665 3688 2.
1704 3633 1839 3684 haec
1875 3624 2218 3680 adscribens:
2274 3621 2367 3684 „lu

342 3745 457 3794 foro
494 3754 707 3793 romano
746 3752 775 3788 e
810 3732 1029 3799 regione
1062 3728 1301 3796 porticus
1329 3721 1581 3781 Antonini
1618 3726 1670 3772 et
1690 3716 1979 3771 Faustinae
2014 3712 2069 3762 in
2106 3706 2253 3760 saxis
2268 3704 2368 3755 'ri-

342 3825 591 3892 burtinis‚
627 3842 655 3877 e
688 3822 893 3878 fornice
926 3819 1146 3872 cloacae
1176 3814 1431 3867 maximae
1450 3807 1735 3873 extractis3
1768 3804 1927 3856 litera
1942 3788 2367 3860 corectissima.“
