<?xml version="1.0" encoding="UTF-8"?>
<!DOCTYPE html PUBLIC "-//W3C//DTD XHTML 1.0 Transitional//EN"
    "http://www.w3.org/TR/xhtml1/DTD/xhtml1-transitional.dtd">
<html xmlns="http://www.w3.org/1999/xhtml" xml:lang="en" lang="en">
 <head>
  <title>
</title>
<meta http-equiv="Content-Type" content="text/html;charset=utf-8" />
  <meta name='ocr-system' content='tesseract 3.04.00' />
  <meta name='ocr-capabilities' content='ocr_page ocr_carea ocr_par ocr_line ocrx_word'/>
</head>
<body>
  <div class='ocr_page' id='page_1' title='image "./elogiorumromano00bavagoog_0069.png"; bbox 0 0 2674 4449; ppageno 0'>
   <div class='ocr_carea' id='block_1_1' title="bbox 1214 252 1378 319">
    <p class='ocr_par' dir='ltr' id='par_1_1' title="bbox 1214 252 1378 319">
     <span class='ocr_line' id='line_1_1' title="bbox 1214 252 1378 319; baseline 0 0"><span class='ocrx_word' id='word_1_1' title='bbox 1214 264 1228 273; x_wconf 84' lang='lat'><strong><em>&#39;</em></strong></span> <span class='ocrx_word' id='word_1_2' title='bbox 1292 252 1378 319; x_wconf 77' lang='grc'><strong>65</strong></span> 
     </span>
    </p>
   </div>
   <div class='ocr_carea' id='block_1_2' title="bbox 226 402 2354 1745">
    <p class='ocr_par' dir='ltr' id='par_1_2' title="bbox 226 402 2354 1745">
     <span class='ocr_line' id='line_1_2' title="bbox 315 402 2342 513; baseline 0.007 -26"><span class='ocrx_word' id='word_1_3' title='bbox 315 447 712 513; x_wconf 70' lang='lat' dir='ltr'><strong>perrumpens</strong></span> <span class='ocrx_word' id='word_1_4' title='bbox 742 416 923 508; x_wconf 81' lang='lat' dir='ltr'><strong>longe</strong></span> <span class='ocrx_word' id='word_1_5' title='bbox 951 425 1106 490; x_wconf 89' lang='lat' dir='ltr'><strong>ultra</strong></span> <span class='ocrx_word' id='word_1_6' title='bbox 1143 429 1308 508; x_wconf 81' lang='lat' dir='ltr'><strong>ripas</strong></span> <span class='ocrx_word' id='word_1_7' title='bbox 1342 427 1618 499; x_wconf 78' lang='lat' dir='ltr'><strong>exundat3</strong></span> <span class='ocrx_word' id='word_1_8' title='bbox 1681 429 1793 495; x_wconf 82' lang='lat' dir='ltr'><strong>sed</strong></span> <span class='ocrx_word' id='word_1_9' title='bbox 1833 402 2092 497; x_wconf 83' lang='lat' dir='ltr'><strong>eundem</strong></span> <span class='ocrx_word' id='word_1_10' title='bbox 2136 412 2342 501; x_wconf 21' lang='lat' dir='ltr'><strong>rursu-s</strong></span> 
     </span>
     <span class='ocr_line' id='line_1_3' title="bbox 314 520 2343 626; baseline 0.002 -20"><span class='ocrx_word' id='word_1_11' title='bbox 314 544 526 615; x_wconf 77' lang='lat' dir='ltr'><strong>Rheni,</strong></span> <span class='ocrx_word' id='word_1_12' title='bbox 559 544 732 622; x_wconf 80' lang='lat' dir='ltr'><strong>patrii</strong></span> <span class='ocrx_word' id='word_1_13' title='bbox 762 540 1049 612; x_wconf 77' lang='lat' dir='ltr'><strong>fluminis,</strong></span> <span class='ocrx_word' id='word_1_14' title='bbox 1082 539 1242 602; x_wconf 88' lang='lat' dir='ltr'><strong>haud</strong></span> <span class='ocrx_word' id='word_1_15' title='bbox 1271 520 1611 602; x_wconf 77' lang='lat' dir='ltr'><strong>absimilem</strong></span> <span class='ocrx_word' id='word_1_16' title='bbox 1641 542 1875 614; x_wconf 80' lang='lat' dir='ltr'>dixeris,</span> <span class='ocrx_word' id='word_1_17' title='bbox 1912 549 2012 623; x_wconf 89' lang='lat' dir='ltr'><strong>qui</strong></span> <span class='ocrx_word' id='word_1_18' title='bbox 2040 553 2343 626; x_wconf 74' lang='lat' dir='ltr'><strong>spumosis</strong></span> 
     </span>
     <span class='ocr_line' id='line_1_4' title="bbox 248 652 2344 740; baseline -0.005 -21"><span class='ocrx_word' id='word_1_19' title='bbox 248 730 249 733; x_wconf 8' lang='grc' dir='ltr'><strong>Ἴ</strong></span> <span class='ocrx_word' id='word_1_20' title='bbox 314 655 637 719; x_wconf 85' lang='lat' dir='ltr'><strong>verticibus</strong></span> <span class='ocrx_word' id='word_1_21' title='bbox 670 660 733 716; x_wconf 91' lang='lat' dir='ltr'><strong>et</strong></span> <span class='ocrx_word' id='word_1_22' title='bbox 773 652 1038 723; x_wconf 81' lang='lat' dir='ltr'><strong>violento</strong></span> <span class='ocrx_word' id='word_1_23' title='bbox 1072 668 1361 732; x_wconf 87' lang='lat' dir='ltr'><strong>aquarum</strong></span> <span class='ocrx_word' id='word_1_24' title='bbox 1389 655 1621 733; x_wconf 87' lang='lat' dir='ltr'><strong>impetu</strong></span> <span class='ocrx_word' id='word_1_25' title='bbox 1661 655 1737 716; x_wconf 86' lang='lat' dir='ltr'><strong>de</strong></span> <span class='ocrx_word' id='word_1_26' title='bbox 1773 656 2019 734; x_wconf 84' lang='lat' dir='ltr'><strong>rupibus</strong></span> <span class='ocrx_word' id='word_1_27' title='bbox 2051 662 2344 740; x_wconf 75' lang='lat' dir='ltr'>praecipi.</span> 
     </span>
     <span class='ocr_line' id='line_1_5' title="bbox 314 764 2346 852; baseline 0.003 -24"><span class='ocrx_word' id='word_1_28' title='bbox 314 773 504 835; x_wconf 83' lang='lat' dir='ltr'><strong>tatus,</strong></span> <span class='ocrx_word' id='word_1_29' title='bbox 555 783 694 827; x_wconf 84' lang='lat' dir='ltr'><strong>mox</strong></span> <span class='ocrx_word' id='word_1_30' title='bbox 735 765 973 844; x_wconf 88' lang='lat' dir='ltr'><strong>placido</strong></span> <span class='ocrx_word' id='word_1_31' title='bbox 1018 764 1263 843; x_wconf 89' lang='lat' dir='ltr'><strong>lenique</strong></span> <span class='ocrx_word' id='word_1_32' title='bbox 1310 783 1493 828; x_wconf 88' lang='lat' dir='ltr'><strong>cursu</strong></span> <span class='ocrx_word' id='word_1_33' title='bbox 1537 766 1778 838; x_wconf 77' lang='lat' dir='ltr'><strong>labitur,</strong></span> <span class='ocrx_word' id='word_1_34' title='bbox 1829 769 2047 847; x_wconf 88' lang='lat' dir='ltr'><strong>minori</strong></span> <span class='ocrx_word' id='word_1_35' title='bbox 2094 775 2346 852; x_wconf 83' lang='lat' dir='ltr'><strong>strepitu</strong></span> 
     </span>
     <span class='ocr_line' id='line_1_6' title="bbox 226 876 2347 962; baseline 0.005 -25"><span class='ocrx_word' id='word_1_36' title='bbox 226 936 237 937; x_wconf 21' lang='lat' dir='ltr'><strong>o</strong></span> <span class='ocrx_word' id='word_1_37' title='bbox 311 879 584 941; x_wconf 89' lang='lat' dir='ltr'><strong>ubertate</strong></span> <span class='ocrx_word' id='word_1_38' title='bbox 625 877 899 957; x_wconf 77' lang='lat' dir='ltr'><strong>pleniori.</strong></span> <span class='ocrx_word' id='word_1_39' title='bbox 992 876 1144 938; x_wconf 91' lang='lat' dir='ltr'><strong>Nam</strong></span> <span class='ocrx_word' id='word_1_40' title='bbox 1188 878 1341 939; x_wconf 91' lang='lat' dir='ltr'><strong>etin</strong></span> <span class='ocrx_word' id='word_1_41' title='bbox 1373 878 1673 941; x_wconf 86' lang='lat' dir='ltr'><strong>Schillero</strong></span> <span class='ocrx_word' id='word_1_42' title='bbox 1705 895 1778 941; x_wconf 79' lang='lat' dir='ltr'><strong>ex</strong></span> <span class='ocrx_word' id='word_1_43' title='bbox 1823 879 2063 945; x_wconf 84' lang='lat' dir='ltr'><strong>diversa</strong></span> <span class='ocrx_word' id='word_1_44' title='bbox 2094 902 2347 962; x_wconf 88' lang='lat' dir='ltr'><strong>operum</strong></span> 
     </span>
     <span class='ocr_line' id='line_1_7' title="bbox 315 989 2346 1076; baseline 0.003 -24"><span class='ocrx_word' id='word_1_45' title='bbox 315 991 522 1056; x_wconf 87' lang='lat' dir='ltr'><strong>indole</strong></span> <span class='ocrx_word' id='word_1_46' title='bbox 552 999 678 1054; x_wconf 86' lang='lat' dir='ltr'><strong>tres</strong></span> <span class='ocrx_word' id='word_1_47' title='bbox 710 996 971 1054; x_wconf 89' lang='lat' dir='ltr'><strong>aetatum</strong></span> <span class='ocrx_word' id='word_1_48' title='bbox 1001 990 1218 1070; x_wconf 85' lang='lat' dir='ltr'><strong>gradus</strong></span> <span class='ocrx_word' id='word_1_49' title='bbox 1251 989 1601 1072; x_wconf 78' lang='lat' dir='ltr'><strong>distinguaS,</strong></span> <span class='ocrx_word' id='word_1_50' title='bbox 1632 991 1889 1071; x_wconf 86' lang='lat' dir='ltr'><strong>primum</strong></span> <span class='ocrx_word' id='word_1_51' title='bbox 1906 995 2346 1076; x_wconf 86' lang='lat' dir='ltr'><strong>imaginationis</strong></span> 
     </span>
     <span class='ocr_line' id='line_1_8' title="bbox 315 1101 2348 1187; baseline 0.001 -20"><span class='ocrx_word' id='word_1_52' title='bbox 315 1105 583 1168; x_wconf 76' lang='lat' dir='ltr'><strong>fervidae</strong></span> <span class='ocrx_word' id='word_1_53' title='bbox 614 1112 774 1167; x_wconf 81' lang='lat' dir='ltr'><strong>extra</strong></span> <span class='ocrx_word' id='word_1_54' title='bbox 803 1101 1051 1167; x_wconf 85' lang='lat' dir='ltr'><strong>modum</strong></span> <span class='ocrx_word' id='word_1_55' title='bbox 1081 1102 1464 1176; x_wconf 77' lang='lat' dir='ltr'><strong>luxurianti83</strong></span> <span class='ocrx_word' id='word_1_56' title='bbox 1498 1106 1749 1167; x_wconf 86' lang='lat' dir='ltr'><strong>alterum</strong></span> <span class='ocrx_word' id='word_1_57' title='bbox 1772 1105 2188 1187; x_wconf 80' lang='lat' dir='ltr'><strong>philosophiae</strong></span> <span class='ocrx_word' id='word_1_58' title='bbox 2221 1107 2348 1170; x_wconf 87' lang='lat' dir='ltr'><strong>acri</strong></span> 
     </span>
     <span class='ocr_line' id='line_1_9' title="bbox 317 1206 2350 1294; baseline 0.001 -16"><span class='ocrx_word' id='word_1_59' title='bbox 317 1215 515 1278; x_wconf 87' lang='lat' dir='ltr'><strong>studio</strong></span> <span class='ocrx_word' id='word_1_60' title='bbox 534 1206 852 1286; x_wconf 86' lang='lat' dir='ltr'><strong>tractatae;</strong></span> <span class='ocrx_word' id='word_1_61' title='bbox 882 1215 1141 1284; x_wconf 82' lang='lat' dir='ltr'><strong>tertium,</strong></span> <span class='ocrx_word' id='word_1_62' title='bbox 1173 1212 1314 1274; x_wconf 88' lang='lat' dir='ltr'><strong>inde</strong></span> <span class='ocrx_word' id='word_1_63' title='bbox 1341 1231 1376 1274; x_wconf 88' lang='lat' dir='ltr'><strong>a</strong></span> <span class='ocrx_word' id='word_1_64' title='bbox 1399 1212 1707 1292; x_wconf 78' lang='lat' dir='ltr'><strong>tragoedia</strong></span> <span class='ocrx_word' id='word_1_65' title='bbox 1736 1233 1888 1294; x_wconf 90' lang='lat' dir='ltr'><strong>quae</strong></span> <span class='ocrx_word' id='word_1_66' title='bbox 1908 1216 2350 1281; x_wconf 84' lang='lat' dir='ltr'><strong>Wallensteinii</strong></span> 
     </span>
     <span class='ocr_line' id='line_1_10' title="bbox 314 1323 2340 1408; baseline 0.002 -21"><span class='ocrx_word' id='word_1_67' title='bbox 314 1326 562 1390; x_wconf 89' lang='lat' dir='ltr'><strong>nomine</strong></span> <span class='ocrx_word' id='word_1_68' title='bbox 593 1326 934 1389; x_wconf 72' lang='lat' dir='ltr'><strong>inscribitur</strong></span> <span class='ocrx_word' id='word_1_69' title='bbox 963 1323 1228 1396; x_wconf 88' lang='lat' dir='ltr'><strong>condita,</strong></span> <span class='ocrx_word' id='word_1_70' title='bbox 1259 1325 1484 1404; x_wconf 87' lang='lat' dir='ltr'><strong>ingenii</strong></span> <span class='ocrx_word' id='word_1_71' title='bbox 1518 1343 1624 1388; x_wconf 91' lang='lat' dir='ltr'><strong>sua</strong></span> <span class='ocrx_word' id='word_1_72' title='bbox 1651 1327 1709 1388; x_wconf 81' lang='lat' dir='ltr'><strong>vi</strong></span> <span class='ocrx_word' id='word_1_73' title='bbox 1742 1327 1817 1388; x_wconf 91' lang='lat' dir='ltr'><strong>ad</strong></span> <span class='ocrx_word' id='word_1_74' title='bbox 1844 1344 2075 1390; x_wconf 88' lang='lat' dir='ltr'><strong>summa</strong></span> <span class='ocrx_word' id='word_1_75' title='bbox 2096 1333 2340 1408; x_wconf 85' lang='lat' dir='ltr'><strong>quaevis</strong></span> 
     </span>
     <span class='ocr_line' id='line_1_11' title="bbox 313 1435 2347 1516; baseline 0.001 -16"><span class='ocrx_word' id='word_1_76' title='bbox 313 1440 469 1500; x_wconf 71' lang='lat' dir='ltr'><strong>enisi</strong></span> <span class='ocrx_word' id='word_1_77' title='bbox 499 1445 558 1500; x_wconf 92' lang='lat' dir='ltr'><strong>et</strong></span> <span class='ocrx_word' id='word_1_78' title='bbox 587 1437 918 1502; x_wconf 81' lang='lat' dir='ltr'><strong>accedente</strong></span> <span class='ocrx_word' id='word_1_79' title='bbox 950 1437 1219 1499; x_wconf 86' lang='lat' dir='ltr'><strong>doctrina</strong></span> <span class='ocrx_word' id='word_1_80' title='bbox 1251 1437 1553 1516; x_wconf 78' lang='lat' dir='ltr'><strong>perpoliti.</strong></span> <span class='ocrx_word' id='word_1_81' title='bbox 1614 1435 1739 1499; x_wconf 86' lang='lat' dir='ltr'><strong>Sed</strong></span> <span class='ocrx_word' id='word_1_82' title='bbox 1778 1438 1891 1500; x_wconf 88' lang='lat' dir='ltr'><strong>hae</strong></span> <span class='ocrx_word' id='word_1_83' title='bbox 1923 1456 2127 1501; x_wconf 88' lang='lat' dir='ltr'><strong>rerum</strong></span> <span class='ocrx_word' id='word_1_84' title='bbox 2156 1445 2347 1503; x_wconf 88' lang='lat' dir='ltr'><strong>terre-</strong></span> 
     </span>
     <span class='ocr_line' id='line_1_12' title="bbox 311 1536 2348 1634; baseline 0.002 -21"><span class='ocrx_word' id='word_1_85' title='bbox 311 1558 521 1616; x_wconf 83' lang='lat' dir='ltr'><strong>n&#39;arum</strong></span> <span class='ocrx_word' id='word_1_86' title='bbox 553 1556 861 1634; x_wconf 81' lang='lat' dir='ltr'><strong>angustiae</strong></span> <span class='ocrx_word' id='word_1_87' title='bbox 906 1536 1349 1616; x_wconf 57' lang='lat' dir='ltr'><strong>divinam‘vatis</strong></span> <span class='ocrx_word' id='word_1_88' title='bbox 1382 1557 1652 1614; x_wconf 82' lang='lat' dir='ltr'><strong>mentem</strong></span> <span class='ocrx_word' id='word_1_89' title='bbox 1694 1555 2007 1615; x_wconf 89' lang='lat' dir='ltr'><strong>continere</strong></span> <span class='ocrx_word' id='word_1_90' title='bbox 2038 1572 2158 1615; x_wconf 93' lang='lat' dir='ltr'><strong>non</strong></span> <span class='ocrx_word' id='word_1_91' title='bbox 2188 1554 2348 1618; x_wconf 85' lang='lat' dir='ltr'><strong>valu-</strong></span> 
     </span>
     <span class='ocr_line' id='line_1_13' title="bbox 317 1649 2354 1745; baseline 0 -20"><span class='ocrx_word' id='word_1_92' title='bbox 317 1664 720 1741; x_wconf 52' lang='lat' dir='ltr'><strong>stannatum</strong></span> <span class='ocrx_word' id='word_1_93' title='bbox 757 1663 1138 1726; x_wconf 84' lang='lat' dir='ltr'><strong>evolaturam.</strong></span> <span class='ocrx_word' id='word_1_94' title='bbox 1195 1662 1264 1724; x_wconf 89' lang='lat' dir='ltr'><strong>ln</strong></span> <span class='ocrx_word' id='word_1_95' title='bbox 1293 1662 1479 1742; x_wconf 74' lang='lat' dir='ltr'><strong>lyrica</strong></span> <span class='ocrx_word' id='word_1_96' title='bbox 1507 1662 1684 1743; x_wconf 87' lang='lat' dir='ltr'><strong>poesi</strong></span> <span class='ocrx_word' id='word_1_97' title='bbox 1709 1662 1901 1724; x_wconf 88' lang='lat' dir='ltr'><strong>maior</strong></span> <span class='ocrx_word' id='word_1_98' title='bbox 1928 1649 2151 1726; x_wconf 78' lang='lat' dir='ltr'><strong>exstitit</strong></span> <span class='ocrx_word' id='word_1_99' title='bbox 2172 1682 2354 1745; x_wconf 90' lang='lat' dir='ltr'><strong>quam</strong></span> 
     </span>
    </p>
   </div>
   <div class='ocr_carea' id='block_1_3' title="bbox 302 1772 2484 1852">
    <p class='ocr_par' dir='ltr' id='par_1_3' title="bbox 302 1772 2484 1852">
     <span class='ocr_line' id='line_1_14' title="bbox 302 1772 2484 1852; baseline -0.002 -15"><span class='ocrx_word' id='word_1_100' title='bbox 302 1774 378 1837; x_wconf 59' lang='lat' dir='ltr'><strong>&#39;in</strong></span> <span class='ocrx_word' id='word_1_101' title='bbox 423 1777 685 1838; x_wconf 84' lang='lat' dir='ltr'><strong>scenica.</strong></span> <span class='ocrx_word' id='word_1_102' title='bbox 780 1774 1147 1836; x_wconf 84' lang='lat' dir='ltr'><strong>Schillerum</strong></span> <span class='ocrx_word' id='word_1_103' title='bbox 1184 1772 1470 1835; x_wconf 83' lang='lat' dir='ltr'><strong>Germani</strong></span> <span class='ocrx_word' id='word_1_104' title='bbox 1518 1790 1692 1837; x_wconf 89' lang='lat' dir='ltr'><strong>suum</strong></span> <span class='ocrx_word' id='word_1_105' title='bbox 1734 1775 2001 1836; x_wconf 88' lang='lat' dir='ltr'><strong>omnium</strong></span> <span class='ocrx_word' id='word_1_106' title='bbox 2038 1780 2353 1852; x_wconf 87' lang='lat' dir='ltr'><strong>poetarum</strong></span> <span class='ocrx_word' id='word_1_107' title='bbox 2477 1804 2484 1810; x_wconf 93' lang='lat'>-</span> 
     </span>
    </p>
   </div>
   <div class='ocr_carea' id='block_1_4' title="bbox 314 1867 2348 2074">
    <p class='ocr_par' dir='ltr' id='par_1_4' title="bbox 314 1867 2348 2074">
     <span class='ocr_line' id='line_1_15' title="bbox 314 1867 2347 1967; baseline 0 -18"><span class='ocrx_word' id='word_1_108' title='bbox 314 1887 695 1967; x_wconf 75' lang='lat' dir='ltr'><strong>popularium</strong></span> <span class='ocrx_word' id='word_1_109' title='bbox 735 1867 922 1946; x_wconf 83' lang='lat' dir='ltr'><strong>unum</strong></span> <span class='ocrx_word' id='word_1_110' title='bbox 964 1883 1224 1945; x_wconf 84' lang='lat' dir='ltr'><strong>maxime</strong></span> <span class='ocrx_word' id='word_1_111' title='bbox 1268 1889 1496 1949; x_wconf 83' lang='lat' dir='ltr'><strong>amant:</strong></span> <span class='ocrx_word' id='word_1_112' title='bbox 1567 1902 1706 1947; x_wconf 88' lang='lat' dir='ltr'><strong>nam</strong></span> <span class='ocrx_word' id='word_1_113' title='bbox 1754 1887 2058 1965; x_wconf 86' lang='lat' dir='ltr'><strong>propriam</strong></span> <span class='ocrx_word' id='word_1_114' title='bbox 2102 1886 2347 1950; x_wconf 87' lang='lat' dir='ltr'><strong>Germa-</strong></span> 
     </span>
     <span class='ocr_line' id='line_1_16' title="bbox 316 1991 2348 2074; baseline -0.001 -14"><span class='ocrx_word' id='word_1_115' title='bbox 316 2016 534 2060; x_wconf 82' lang='lat' dir='ltr'><strong>norum</strong></span> <span class='ocrx_word' id='word_1_116' title='bbox 561 1995 826 2059; x_wconf 81' lang='lat' dir='ltr'><strong>indolem</strong></span> <span class='ocrx_word' id='word_1_117' title='bbox 854 1993 1032 2074; x_wconf 88' lang='lat' dir='ltr'><strong>plane</strong></span> <span class='ocrx_word' id='word_1_118' title='bbox 1061 1993 1278 2066; x_wconf 84' lang='lat' dir='ltr'><strong>refert,</strong></span> <span class='ocrx_word' id='word_1_119' title='bbox 1337 1991 1435 2054; x_wconf 84' lang='lat' dir='ltr'><strong>vel</strong></span> <span class='ocrx_word' id='word_1_120' title='bbox 1477 1994 1775 2057; x_wconf 85' lang='lat' dir='ltr'><strong>hactenus</strong></span> <span class='ocrx_word' id='word_1_121' title='bbox 1815 1996 1978 2074; x_wconf 88' lang='lat' dir='ltr'><strong>quod</strong></span> <span class='ocrx_word' id='word_1_122' title='bbox 2020 2015 2141 2058; x_wconf 90' lang='lat' dir='ltr'><strong>non</strong></span> <span class='ocrx_word' id='word_1_123' title='bbox 2171 1999 2348 2066; x_wconf 86' lang='lat' dir='ltr'><strong>unius</strong></span> 
     </span>
    </p>
   </div>
   <div class='ocr_carea' id='block_1_5' title="bbox 318 2096 2552 2188">
    <p class='ocr_par' dir='ltr' id='par_1_5' title="bbox 318 2096 2552 2188">
     <span class='ocr_line' id='line_1_17' title="bbox 318 2096 2552 2188; baseline -0.002 -16"><span class='ocrx_word' id='word_1_124' title='bbox 318 2109 529 2188; x_wconf 85' lang='lat' dir='ltr'><strong>populi</strong></span> <span class='ocrx_word' id='word_1_125' title='bbox 562 2108 674 2171; x_wconf 90' lang='lat' dir='ltr'><strong>sed</strong></span> <span class='ocrx_word' id='word_1_126' title='bbox 702 2110 888 2170; x_wconf 87' lang='lat' dir='ltr'><strong>totius</strong></span> <span class='ocrx_word' id='word_1_127' title='bbox 920 2106 1128 2169; x_wconf 88' lang='lat' dir='ltr'><strong>mundi</strong></span> <span class='ocrx_word' id='word_1_128' title='bbox 1160 2125 1229 2169; x_wconf 88' lang='lat' dir='ltr'><strong>se</strong></span> <span class='ocrx_word' id='word_1_129' title='bbox 1261 2108 1454 2169; x_wconf 85' lang='lat' dir='ltr'><strong>civem</strong></span> <span class='ocrx_word' id='word_1_130' title='bbox 1486 2107 1683 2169; x_wconf 78' lang='lat' dir='ltr'><strong>sentit.</strong></span> <span class='ocrx_word' id='word_1_131' title='bbox 1780 2109 2030 2171; x_wconf 81' lang='lat' dir='ltr'><strong>Sursum</strong></span> <span class='ocrx_word' id='word_1_132' title='bbox 2058 2128 2170 2171; x_wconf 91' lang='lat' dir='ltr'><strong>nos</strong></span> <span class='ocrx_word' id='word_1_133' title='bbox 2205 2117 2351 2173; x_wconf 86' lang='lat' dir='ltr'><strong>atto·</strong></span> <span class='ocrx_word' id='word_1_134' title='bbox 2451 2120 2454 2125; x_wconf 85' lang='lat'>&#39;</span> <span class='ocrx_word' id='word_1_135' title='bbox 2541 2096 2552 2107; x_wconf 81' lang='grc'><strong>’</strong></span> 
     </span>
    </p>
   </div>
   <div class='ocr_carea' id='block_1_6' title="bbox 319 2212 2353 2302">
    <p class='ocr_par' dir='ltr' id='par_1_6' title="bbox 319 2212 2353 2302">
     <span class='ocr_line' id='line_1_18' title="bbox 319 2212 2353 2302; baseline 0.002 -20"><span class='ocrx_word' id='word_1_136' title='bbox 319 2222 419 2292; x_wconf 85' lang='lat' dir='ltr'><strong>lit,</strong></span> <span class='ocrx_word' id='word_1_137' title='bbox 453 2229 511 2284; x_wconf 86' lang='lat' dir='ltr'><strong>et</strong></span> <span class='ocrx_word' id='word_1_138' title='bbox 538 2223 673 2301; x_wconf 88' lang='lat' dir='ltr'><strong>ipse</strong></span> <span class='ocrx_word' id='word_1_139' title='bbox 705 2220 931 2283; x_wconf 81' lang='lat' dir='ltr'><strong>evolat:</strong></span> <span class='ocrx_word' id='word_1_140' title='bbox 995 2212 1257 2283; x_wconf 87' lang='lat' dir='ltr'><strong>animum</strong></span> <span class='ocrx_word' id='word_1_141' title='bbox 1297 2219 1442 2282; x_wconf 77' lang='lat' dir='ltr'><strong>facit·</strong></span> <span class='ocrx_word' id='word_1_142' title='bbox 1471 2219 1610 2298; x_wconf 89' lang='lat' dir='ltr'><strong>quia</strong></span> <span class='ocrx_word' id='word_1_143' title='bbox 1641 2220 1863 2282; x_wconf 56' lang='lat' dir='ltr'><strong>habet.⁴</strong></span> <span class='ocrx_word' id='word_1_144' title='bbox 1932 2220 2055 2284; x_wconf 87' lang='lat' dir='ltr'><strong>Sed</strong></span> <span class='ocrx_word' id='word_1_145' title='bbox 2099 2240 2353 2302; x_wconf 82' lang='lat' dir='ltr'><strong>genero-</strong></span> 
     </span>
    </p>
   </div>
   <div class='ocr_carea' id='block_1_7' title="bbox 323 2316 2478 2413">
    <p class='ocr_par' dir='ltr' id='par_1_7' title="bbox 323 2316 2478 2413">
     <span class='ocr_line' id='line_1_19' title="bbox 323 2316 2478 2413; baseline -0 -16"><span class='ocrx_word' id='word_1_146' title='bbox 323 2335 551 2397; x_wconf 80' lang='lat' dir='ltr'><strong>siorum</strong></span> <span class='ocrx_word' id='word_1_147' title='bbox 580 2350 652 2395; x_wconf 85' lang='lat' dir='ltr'><strong>ex</strong></span> <span class='ocrx_word' id='word_1_148' title='bbox 682 2332 1030 2413; x_wconf 86' lang='lat' dir='ltr'><strong>aequalibus</strong></span> <span class='ocrx_word' id='word_1_149' title='bbox 1044 2332 1179 2394; x_wconf 43' lang='lat' dir='ltr'><strong>‘eius</strong></span> <span class='ocrx_word' id='word_1_150' title='bbox 1205 2333 1377 2411; x_wconf 80' lang='lat' dir='ltr'><strong>vigor</strong></span> <span class='ocrx_word' id='word_1_151' title='bbox 1394 2316 1690 2393; x_wconf 81' lang='lat' dir='ltr'><strong>introrsus</strong></span> <span class='ocrx_word' id='word_1_152' title='bbox 1724 2330 1959 2394; x_wconf 88' lang='lat' dir='ltr'><strong>abditus</strong></span> <span class='ocrx_word' id='word_1_153' title='bbox 1990 2332 2141 2395; x_wconf 88' lang='lat' dir='ltr'><strong>intra</strong></span> <span class='ocrx_word' id='word_1_154' title='bbox 2173 2336 2354 2396; x_wconf 89' lang='lat' dir='ltr'><strong>animi</strong></span> <span class='ocrx_word' id='word_1_155' title='bbox 2473 2373 2478 2378; x_wconf 25' lang='grc' dir='ltr'>κ</span> 
     </span>
    </p>
   </div>
   <div class='ocr_carea' id='block_1_8' title="bbox 321 2442 2357 2965">
    <p class='ocr_par' dir='ltr' id='par_1_8' title="bbox 321 2442 2357 2965">
     <span class='ocr_line' id='line_1_20' title="bbox 321 2442 2355 2537; baseline 0.001 -31"><span class='ocrx_word' id='word_1_156' title='bbox 321 2444 651 2524; x_wconf 79' lang='lat' dir='ltr'><strong>penetralia</strong></span> <span class='ocrx_word' id='word_1_157' title='bbox 679 2445 1094 2515; x_wconf 75' lang='lat' dir='ltr'><strong>cohibebatur,</strong></span> <span class='ocrx_word' id='word_1_158' title='bbox 1143 2449 1322 2523; x_wconf 86' lang='lat' dir='ltr'><strong>atque</strong></span> <span class='ocrx_word' id='word_1_159' title='bbox 1358 2444 1594 2522; x_wconf 85' lang='lat' dir='ltr'><strong>ingenia</strong></span> <span class='ocrx_word' id='word_1_160' title='bbox 1625 2442 1929 2537; x_wconf 80' lang='lat' dir='ltr'><strong>languoris</strong></span> <span class='ocrx_word' id='word_1_161' title='bbox 1960 2446 2355 2510; x_wconf 83' lang='lat' dir='ltr'><strong>horumtem·</strong></span> 
     </span>
     <span class='ocr_line' id='line_1_21' title="bbox 322 2552 2355 2635; baseline 0.002 -18"><span class='ocrx_word' id='word_1_162' title='bbox 322 2574 539 2635; x_wconf 87' lang='lat' dir='ltr'><strong>porum</strong></span> <span class='ocrx_word' id='word_1_163' title='bbox 568 2562 845 2634; x_wconf 89' lang='lat' dir='ltr'><strong>pertaesa</strong></span> <span class='ocrx_word' id='word_1_164' title='bbox 874 2553 951 2617; x_wconf 91' lang='lat' dir='ltr'><strong>ad</strong></span> <span class='ocrx_word' id='word_1_165' title='bbox 980 2556 1208 2632; x_wconf 86' lang='lat' dir='ltr'><strong>antiqui</strong></span> <span class='ocrx_word' id='word_1_166' title='bbox 1240 2552 1481 2620; x_wconf 70' lang='lat' dir='ltr'><strong>decoris</strong></span> <span class='ocrx_word' id='word_1_167' title='bbox 1500 2552 1983 2618; x_wconf 81' lang='lat' dir='ltr'><strong>recordationem</strong></span> <span class='ocrx_word' id='word_1_168' title='bbox 2008 2575 2076 2619; x_wconf 90' lang='lat' dir='ltr'><strong>se</strong></span> <span class='ocrx_word' id='word_1_169' title='bbox 2109 2576 2355 2622; x_wconf 87' lang='lat' dir='ltr'><strong>conver-</strong></span> 
     </span>
     <span class='ocr_line' id='line_1_22' title="bbox 322 2661 2357 2750; baseline 0.001 -21"><span class='ocrx_word' id='word_1_170' title='bbox 322 2672 539 2738; x_wconf 84' lang='lat' dir='ltr'><strong>terant,</strong></span> <span class='ocrx_word' id='word_1_171' title='bbox 570 2682 784 2746; x_wconf 56' lang='lat' dir='ltr'><strong>nequex</strong></span> <span class='ocrx_word' id='word_1_172' title='bbox 799 2672 1001 2727; x_wconf 90' lang='lat' dir='ltr'><strong>tamen</strong></span> <span class='ocrx_word' id='word_1_173' title='bbox 1030 2664 1185 2728; x_wconf 79' lang='lat' dir='ltr'><strong>ultra</strong></span> <span class='ocrx_word' id='word_1_174' title='bbox 1217 2661 1523 2726; x_wconf 87' lang='lat' dir='ltr'><strong>scribendi</strong></span> <span class='ocrx_word' id='word_1_175' title='bbox 1551 2664 1908 2750; x_wconf 74' lang='lat' dir='ltr'><strong>elegantiam</strong></span> <span class='ocrx_word' id='word_1_176' title='bbox 1938 2667 2125 2730; x_wconf 88' lang='lat' dir='ltr'><strong>enisa.</strong></span> <span class='ocrx_word' id='word_1_177' title='bbox 2192 2670 2357 2732; x_wconf 86' lang='lat' dir='ltr'><strong>Vatis</strong></span> 
     </span>
     <span class='ocr_line' id='line_1_23' title="bbox 332 2772 2356 2858; baseline 0.001 -20"><span class='ocrx_word' id='word_1_178' title='bbox 332 2782 394 2838; x_wconf 87' lang='lat' dir='ltr'><strong>et</strong></span> <span class='ocrx_word' id='word_1_179' title='bbox 421 2775 541 2837; x_wconf 81' lang='lat' dir='ltr'><strong>vita</strong></span> <span class='ocrx_word' id='word_1_180' title='bbox 572 2773 817 2840; x_wconf 73' lang='lat' dir='ltr'><strong>etMnsa</strong></span> <span class='ocrx_word' id='word_1_181' title='bbox 836 2781 1020 2854; x_wconf 85' lang='lat' dir='ltr'><strong>casta,</strong></span> <span class='ocrx_word' id='word_1_182' title='bbox 1049 2773 1429 2836; x_wconf 79' lang='lat' dir='ltr'><strong>humanitatis</strong></span> <span class='ocrx_word' id='word_1_183' title='bbox 1445 2772 1648 2851; x_wconf 91' lang='lat' dir='ltr'><strong>plena;</strong></span> <span class='ocrx_word' id='word_1_184' title='bbox 1665 2778 1922 2854; x_wconf 73' lang='lat' dir='ltr'><strong>,poetica</strong></span> <span class='ocrx_word' id='word_1_185' title='bbox 1952 2776 2201 2841; x_wconf 79' lang='lat' dir='ltr'><strong>facultas</strong></span> <span class='ocrx_word' id='word_1_186' title='bbox 2232 2779 2356 2858; x_wconf 86' lang='lat' dir='ltr'><strong>pri·</strong></span> 
     </span>
     <span class='ocr_line' id='line_1_24' title="bbox 326 2883 2352 2965; baseline 0.003 -19"><span class='ocrx_word' id='word_1_187' title='bbox 326 2886 616 2965; x_wconf 78' lang='lat' dir='ltr'><strong>migenia,</strong></span> <span class='ocrx_word' id='word_1_188' title='bbox 648 2888 880 2950; x_wconf 70' lang='lat' dir='ltr'><strong>nativa.</strong></span> <span class='ocrx_word' id='word_1_189' title='bbox 973 2883 1148 2951; x_wconf 79' lang='lat' dir='ltr'><strong>Multi</strong></span> <span class='ocrx_word' id='word_1_190' title='bbox 1178 2902 1320 2948; x_wconf 89' lang='lat' dir='ltr'><strong>eum</strong></span> <span class='ocrx_word' id='word_1_191' title='bbox 1349 2886 1558 2948; x_wconf 79' lang='lat' dir='ltr'><strong>imitati</strong></span> <span class='ocrx_word' id='word_1_192' title='bbox 1591 2892 1759 2959; x_wconf 87' lang='lat' dir='ltr'><strong>sunt,</strong></span> <span class='ocrx_word' id='word_1_193' title='bbox 1806 2906 1984 2951; x_wconf 88' lang='lat' dir='ltr'><strong>nemo</strong></span> <span class='ocrx_word' id='word_1_194' title='bbox 2021 2897 2352 2956; x_wconf 87' lang='lat' dir='ltr'><strong>assecutus.</strong></span> 
     </span>
    </p>
   </div>
   <div class='ocr_carea' id='block_1_9' title="bbox 1151 3075 1572 3084">
    <p class='ocr_par' dir='ltr' id='par_1_9' title="bbox 1151 3075 1572 3084">
     <span class='ocr_line' id='line_1_25' title="bbox 1151 3075 1572 3084; baseline 0 1365"><span class='ocrx_word' id='word_1_195' title='bbox 1151 3075 1572 3084; x_wconf 95' lang='lat' dir='ltr'><strong> </strong></span> 
     </span>
    </p>
   </div>
   <div class='ocr_carea' id='block_1_10' title="bbox 843 3185 1847 3379">
    <p class='ocr_par' dir='ltr' id='par_1_10' title="bbox 843 3185 1847 3379">
     <span class='ocr_line' id='line_1_26' title="bbox 843 3185 1847 3260; baseline 0.01 -10"><span class='ocrx_word' id='word_1_196' title='bbox 843 3185 1249 3254; x_wconf 73' lang='lat' dir='ltr'><strong>Joannes</strong></span> <span class='ocrx_word' id='word_1_197' title='bbox 1287 3190 1399 3253; x_wconf 77' lang='lat' dir='ltr'><strong>(le</strong></span> <span class='ocrx_word' id='word_1_198' title='bbox 1440 3189 1847 3260; x_wconf 57' lang='lat' dir='ltr'><strong>Mueller„</strong></span> 
     </span>
     <span class='ocr_line' id='line_1_27' title="bbox 1055 3302 1627 3379; baseline 0.003 -18"><span class='ocrx_word' id='word_1_199' title='bbox 1055 3318 1284 3364; x_wconf 81' lang='lat' dir='ltr'><strong>rerum</strong></span> <span class='ocrx_word' id='word_1_200' title='bbox 1321 3302 1627 3379; x_wconf 78' lang='lat' dir='ltr'><strong>scriptor.</strong></span> 
     </span>
    </p>
   </div>
   <div class='ocr_carea' id='block_1_11' title="bbox 335 3429 2364 3851">
    <p class='ocr_par' dir='ltr' id='par_1_11' title="bbox 335 3429 2364 3851">
     <span class='ocr_line' id='line_1_28' title="bbox 513 3429 2361 3517; baseline 0.005 -26"><span class='ocrx_word' id='word_1_201' title='bbox 513 3429 773 3493; x_wconf 88' lang='lat' dir='ltr'><strong>Joannes</strong></span> <span class='ocrx_word' id='word_1_202' title='bbox 793 3430 1122 3495; x_wconf 88' lang='lat' dir='ltr'><strong>Muellerus</strong></span> <span class='ocrx_word' id='word_1_203' title='bbox 1141 3434 1335 3497; x_wconf 88' lang='lat' dir='ltr'><strong>adhuc</strong></span> <span class='ocrx_word' id='word_1_204' title='bbox 1363 3451 1512 3513; x_wconf 90' lang='lat' dir='ltr'><strong>puer</strong></span> <span class='ocrx_word' id='word_1_205' title='bbox 1528 3433 1921 3499; x_wconf 86' lang='lat' dir='ltr'><strong>Helvetorum</strong></span> <span class='ocrx_word' id='word_1_206' title='bbox 1950 3435 2180 3517; x_wconf 89' lang='lat' dir='ltr'><strong>proelia</strong></span> <span class='ocrx_word' id='word_1_207' title='bbox 2197 3441 2361 3500; x_wconf 88' lang='lat' dir='ltr'><strong>tanto</strong></span> 
     </span>
     <span class='ocr_line' id='line_1_29' title="bbox 336 3540 2364 3630; baseline 0.006 -28"><span class='ocrx_word' id='word_1_208' title='bbox 336 3540 520 3615; x_wconf 84' lang='lat' dir='ltr'><strong>animi</strong></span> <span class='ocrx_word' id='word_1_209' title='bbox 551 3543 765 3607; x_wconf 89' lang='lat' dir='ltr'><strong>ardore</strong></span> <span class='ocrx_word' id='word_1_210' title='bbox 799 3550 859 3605; x_wconf 87' lang='lat' dir='ltr'><strong>et</strong></span> <span class='ocrx_word' id='word_1_211' title='bbox 887 3552 1008 3608; x_wconf 86' lang='lat' dir='ltr'><strong>tam</strong></span> <span class='ocrx_word' id='word_1_212' title='bbox 1036 3547 1318 3627; x_wconf 85' lang='lat' dir='ltr'><strong>graphice</strong></span> <span class='ocrx_word' id='word_1_213' title='bbox 1352 3548 1689 3620; x_wconf 87' lang='lat' dir='ltr'><strong>enarrabat,</strong></span> <span class='ocrx_word' id='word_1_214' title='bbox 1720 3555 1785 3610; x_wconf 90' lang='lat' dir='ltr'><strong>ut</strong></span> <span class='ocrx_word' id='word_1_215' title='bbox 1815 3566 2027 3611; x_wconf 82' lang='lat' dir='ltr'><strong>omnes</strong></span> <span class='ocrx_word' id='word_1_216' title='bbox 2056 3549 2364 3630; x_wconf 81' lang='lat' dir='ltr'><strong>ingenium</strong></span> 
     </span>
     <span class='ocr_line' id='line_1_30' title="bbox 335 3650 2363 3742; baseline 0.004 -27"><span class='ocrx_word' id='word_1_217' title='bbox 335 3653 784 3727; x_wconf 86' lang='lat' dir='ltr'><strong>admirarentur,</strong></span> <span class='ocrx_word' id='word_1_218' title='bbox 829 3661 1155 3728; x_wconf 79' lang='lat' dir='ltr'><strong>memoriae</strong></span> <span class='ocrx_word' id='word_1_219' title='bbox 1188 3650 1584 3741; x_wconf 80' lang='lat' dir='ltr'><strong>capacitatem</strong></span> <span class='ocrx_word' id='word_1_220' title='bbox 1615 3660 2127 3742; x_wconf 83' lang='lat' dir='ltr'><strong>adstupescerent.</strong></span> <span class='ocrx_word' id='word_1_221' title='bbox 2220 3663 2363 3726; x_wconf 84' lang='lat' dir='ltr'><strong>Mox</strong></span> 
     </span>
     <span class='ocr_line' id='line_1_31' title="bbox 335 3767 2363 3851; baseline 0.003 -25"><span class='ocrx_word' id='word_1_222' title='bbox 335 3770 618 3843; x_wconf 87' lang='lat' dir='ltr'><strong>quantum</strong></span> <span class='ocrx_word' id='word_1_223' title='bbox 638 3767 864 3847; x_wconf 85' lang='lat' dir='ltr'><strong>antiqui</strong></span> <span class='ocrx_word' id='word_1_224' title='bbox 883 3786 1086 3835; x_wconf 87' lang='lat' dir='ltr'><strong>rerum</strong></span> <span class='ocrx_word' id='word_1_225' title='bbox 1106 3773 1438 3851; x_wconf 81' lang='lat' dir='ltr'><strong>scriptores</strong></span> <span class='ocrx_word' id='word_1_226' title='bbox 1469 3772 1761 3835; x_wconf 86' lang='lat' dir='ltr'><strong>valuerint</strong></span> <span class='ocrx_word' id='word_1_227' title='bbox 1787 3792 1903 3836; x_wconf 89' lang='lat' dir='ltr'><strong>nec</strong></span> <span class='ocrx_word' id='word_1_228' title='bbox 1921 3781 2161 3840; x_wconf 85' lang='lat' dir='ltr'><strong>nostrae</strong></span> <span class='ocrx_word' id='word_1_229' title='bbox 2182 3774 2363 3836; x_wconf 86' lang='lat' dir='ltr'><strong>aetati</strong></span> 
     </span>
    </p>
   </div>
   <div class='ocr_carea' id='block_1_12' title="bbox 337 3872 2362 4055">
    <p class='ocr_par' dir='ltr' id='par_1_12' title="bbox 337 3872 2362 4055">
     <span class='ocr_line' id='line_1_32' title="bbox 337 3872 2362 3964; baseline 0.005 -29"><span class='ocrx_word' id='word_1_230' title='bbox 337 3872 695 3955; x_wconf 87' lang='lat' dir='ltr'><strong>denegatum</strong></span> <span class='ocrx_word' id='word_1_231' title='bbox 726 3895 866 3940; x_wconf 86' lang='lat' dir='ltr'><strong>esse</strong></span> <span class='ocrx_word' id='word_1_232' title='bbox 897 3877 1041 3943; x_wconf 92' lang='lat' dir='ltr'><strong>dum</strong></span> <span class='ocrx_word' id='word_1_233' title='bbox 1073 3882 1188 3945; x_wconf 87' lang='lat' dir='ltr'><strong>sibi</strong></span> <span class='ocrx_word' id='word_1_234' title='bbox 1218 3882 1569 3964; x_wconf 86' lang='lat' dir='ltr'><strong>persuadet,</strong></span> <span class='ocrx_word' id='word_1_235' title='bbox 1599 3884 1731 3963; x_wconf 86' lang='lat' dir='ltr'><strong>ipse</strong></span> <span class='ocrx_word' id='word_1_236' title='bbox 1761 3885 2128 3949; x_wconf 88' lang='lat' dir='ltr'><strong>tantumdem</strong></span> <span class='ocrx_word' id='word_1_237' title='bbox 2162 3884 2362 3947; x_wconf 84' lang='lat' dir='ltr'><strong>valere</strong></span> 
     </span>
     <span class='ocr_line' id='line_1_33' title="bbox 443 3978 1939 4055; baseline 0.014 -31"><span class='ocrx_word' id='word_1_238' title='bbox 443 3978 479 4024; x_wconf 84' lang='lat' dir='ltr'>Z</span> <span class='ocrx_word' id='word_1_239' title='bbox 490 3980 545 4026; x_wconf 89' lang='lat' dir='ltr'><strong>el</strong></span> <span class='ocrx_word' id='word_1_240' title='bbox 559 3979 577 4025; x_wconf 96' lang='lat' dir='ltr'><strong>l</strong></span> <span class='ocrx_word' id='word_1_241' title='bbox 591 4011 605 4035; x_wconf 91' lang='lat'><strong>,</strong></span> <span class='ocrx_word' id='word_1_242' title='bbox 632 3981 758 4041; x_wconf 76' lang='lat' dir='ltr'><strong>Elog.</strong></span> <span class='ocrx_word' id='word_1_243' title='bbox 787 3993 906 4031; x_wconf 87' lang='lat' dir='ltr'><strong>rom.</strong></span> <span class='ocrx_word' id='word_1_244' title='bbox 934 3984 1021 4032; x_wconf 89' lang='lat' dir='ltr'><strong>rel.</strong></span> <span class='ocrx_word' id='word_1_245' title='bbox 1164 3979 1177 3992; x_wconf 52' lang='lat'>⁸</span> <span class='ocrx_word' id='word_1_246' title='bbox 1900 3994 1939 4055; x_wconf 86' lang='lat'><strong>5</strong></span> 
     </span>
    </p>
   </div>
  </div>
 </body>
</html>
