2674 4449
1366 291 1451 356 50

1090 469 1711 537 Maroboduus.

582 605 1013 679 Maroboduus,
1053 608 1276 671 nobilis
1321 626 1356 669 e
1391 613 1565 688 gente
1607 605 2120 669 Marcomanorum
2154 607 2405 678 iuveniS‚
2512 634 2528 643 -

410 724 628 788 eodem
660 743 797 787 cum
826 722 1093 786 Arminio
1123 731 1394 806 tempore
1424 740 1601 804 quem
1633 728 1823 785 aetate
1861 721 2099 801 paulum
2137 728 2409 784 anteces-

408 838 512 910 sit,
556 838 808 899 Romam
844 837 1004 900 venit
1048 842 1108 899 et
1135 835 1381 917 Augusti
1408 836 1653 916 gratiam
1682 835 1792 896 sibi
1826 829 2174 897 conciliavit.
2234 833 2412 897 Haud

405 951 656 1015 minoris
698 967 765 1012 se
806 967 983 1029 quam
1021 949 1354 1011 Arminium
1392 948 1743 1020 aestimavit,
1795 946 2169 1010 Germaniam
2213 964 2247 1008 a
2287 947 2410 1008 Ro-
2499 1027 2503 1033 η

404 1065 598 1128 manis
629 1063 1029 1128 vindicaturus
1072 1063 1186 1126 'sed
1221 1065 1281 1125 in
1322 1081 1493 1125 suam
1521 1063 1721 1148 ⁸ipsius
1763 1063 2244 1125 dominationem.
2304 1063 2411 1125 Vir

405 1188 575 1243 vasto
606 1181 801 1260 potius
836 1196 1011 1258 quam
1042 1197 1255 1259 magno
1290 1181 1506 1242 animo.
1597 1178 1730 1239 Boii
1769 1195 1802 1239 a
1830 1176 2191 1240 Marabodno
2225 1196 2260 1238 e
2300 1195 2404 1256 pa-

403 1294 535 1357 triis
565 1293 780 1355 finibus
812 1291 996 1373 pulsi,
1045 1292 1194 1354 aliae
1223 1298 1432 1370 gentes
1465 1308 1789 1371 oppressae
1816 1289 2146 1353 Arminium
2191 1291 2410 1353 auxilio·

401 1415 704 1474 vocarunt.
760 1406 974 1487 Magna
1009 1407 1064 1469 vi
1093 1415 1150 1468 et
1181 1416 1391 1471 eventu
1424 1407 1691 1487 ambiguo
1722 1406 1874 1470 inter
1896 1414 2408 1488 utrumqueproe·

401 1523 484 1584 lio
536 1520 890 1591 commisso,
932 1517 1335 1582 Maroboduus
1385 1521 1446 1581 in
1503 1538 1646 1581 suae
1703 1520 1943 1582 ditionis
2000 1521 2150 1582 fines
2207 1519 2401 1581 rediit.
2476 1592 2485 1601 ·

265 1662 292 1690 ι
402 1631 543 1695 Mox
573 1652 607 1696 a
637 1629 942 1703 Catualda,
977 1649 1152 1710 quem
1183 1631 1316 1710 ipse
1351 1631 1641 1710 quondam
1670 1635 1854 1711 patria
1885 1631 2209 1710 expulerat,
2255 1632 2400 1693 invi-

405 1767 540 1810 cem
571 1747 814 1828 pulsus,
855 1765 888 1808 a
914 1746 1204 1807 Romanis
1236 1745 1506 1807 hostibus
1546 1747 1818 1809 auxilium
1843 1747 2073 1826 petivit,
2116 1746 2214 1827 qui
2255 1744 2403 1807 nihil

401 1869 635 1953 praeter
670 1861 1003 1941 perfugium
1045 1860 1364 1923 Ravennae
1406 1859 1825 1940 praebuerunt3
1875 1860 2187 1931 laetantes,
2225 1858 2406 1939 quod

401 1977 525 2037 iam
556 1992 590 2037 a
610 1971 983 2039 Maroboduo
1014 1974 1130 2035 tuti
1160 1977 1384 2034 essent.
2151 1980 2155 1987 “

1201 2278 1596 2362 Velleda.

578 2415 809 2496 Foedus
836 2414 1072 2479 vitellio
1103 2414 1432 2496 imperante
1473 2416 1623 2478 inter
1661 2413 1942 2495 plurimas
1977 2399 2402 2479 Germanorum

401 2528 676 2591 nationes
719 2533 923 2590 contra
960 2526 1262 2588 Romanos
1299 2527 1511 2589 initum
1540 2526 1788 2592 Velleda
1827 2529 2094 2608 inprimis
2123 2527 2403 2591 adiutrice

404 2642 639 2705 coaluit.
730 2643 911 2721 Virgo
940 2642 1178 2702 natione
1204 2639 1790 2715 Bructera,.fatidica,
1821 2641 2074 2705 numinis
2104 2642 2234 2704 fere
2262 2642 2406 2704 loco

400 2761 623 2831 habita,
672 2758 746 2819 ‘in
780 2758 939 2820 edita
969 2764 1129 2820 turr'e
1161 2757 1348 2838 degit,
1391 2757 1554 2821 aditu
1584 2764 1647 2821 et
1676 2758 1933 2838 alloquio
1964 2758 2095 2822 aliis
2123 2758 2240 2820 nisi
2268 2776 2411 2838 pro-

399 2881 639 2961 pinquis
687 2885 920 2958 negato.
1012 2878 1104 2940 De
1153 2880 1519 2960 gravissimis
1565 2879 1895 2961 quibusque
1942 2881 2124 2944 rebus
2171 2881 2410 2944 consuli

402 2990 578 3053 solita
627 2991 774 3053 nihil
821 2990 1115 3071 antiquius
1157 2991 1361 3053 habuit
1409 3008 1582 3072 quam
1626 2992 1873 3072 patriam
1921 3011 1955 3054 a
2001 2993 2408 3062 Romanorum

402 3107 806 3170 dominatione
834 3108 895 3168 in
926 3099 1258 3168 libertatem
1292 3106 1607 3171 vindicare.
1698 3106 1842 3169 Inde
1880 3105 2025 3169 illud
2053 3107 2271 3170 bellum
2302 3126 2416 3170 ex·-

400 3229 624 3294 ortum,
656 3223 718 3283 in
748 3239 866 3301 quo
896 3218 1181 3283 Claudius
1217 3219 1420 3283 Civilis
1451 3222 1605 3281 inter
1632 3237 1841 3283 omnes
1873 3219 2167 3300 excelluit;
2218 3239 2409 3300 quan-

401 3351 578 3413 quam
606 3333 875 3395 Bructeri
918 3336 1257 3410 postremo,
1305 3349 1337 3393 a
1371 3330 1680 3394 Germanis
1714 3332 1987 3413 gentibus
2018 3338 2250 3413 praeter
2281 3332 2408 3395 Ro-

380 3427 610 3514 Rmanos
640 3449 981 3529 impugnati,
1001 3445 1352 3511 occubuere.
1399 3448 1642 3514 Velleda
1672 3449 1901 3531 captiva
1917 3449 2165 3512 Romam
2195 3449 2411 3524 ducta3

399 3564 562 3628 salva
590 3564 882 3626 factorum
907 3562 1117 3642 gloria,
1151 3582 1332 3644 quum
1360 3561 1635 3628 virtutem
1662 3549 2060 3645 nequidquam
2092 3583 2159 3627 ex
2197 3566 2414 3630 adver-

401 3696 502 3742 sae
532 3678 900 3742 secundaeve
932 3676 1201 3746 fortunae
1235 3681 1469 3744 casibus
1500 3682 1782 3752 metiaris·
