2674 4449
1321 313 1406 379 67

344 493 728 576 Thucydides
755 488 913 570 apud
946 446 1263 557 Graecos:
1285 487 1523 553 Tacitus
1549 491 1716 573 ‘apud
1746 492 2084 567 Romanos,
2130 500 2184 559 is
2216 494 2373 578 apud

342 608 661 689 populares
691 607 963 667 Joannes
982 601 1328 665 Muellerus.

749 909 1275 983 Gebhardus
1325 912 1438 974 (le
1486 912 1956 976 Blueeher.

516 1045 916 1114 Bluecherus,
950 1064 1132 1125 quum
1159 1049 1226 1108 in.
1255 1048 1511 1110 Sueeic'o'
1537 1049 1807 1111 'exercitu
1835 1051 1950 1110 tiro
1981 1057 2173 1120 esset,
2206 1048 2371 1123 bello

341 1163 549 1235 eaptus
581 1174 718 1217 mox
747 1156 1102 1218 missionem
1135 1175 1167 1219 a
1189 1157 1400 1219 Suecis
1433 1159 1751 1221 honestam
1772 1167 1983 1222 nactus
2018 1158 2081 1221 in
2101 1161 2370 1222 Borus'so

338 1268 603 1329 exercitu
633 1265 929 1344 stipendia
958 1269 1199 1336 meruit,
1234 1284 1424 1346 quem
1448 1268 1588 1346 quia
1622 1269 2127 1329 commilitonibus
2158 1270 2373 1332 iniuria

335 1376 713 1456 posthabitus
760 1395 900 1438 esse
933 1378 1047 1438 sibi
1088 1377 1423 1453 videretur,
1475 1378 1733 1457 reliquit.
1828 1378 1973 1438 Post
2024 1375 2370 1457 quindecim

337 1498 626 1553 annorum
655 1489 1194 1570 intercapedinem,
1228 1490 1444 1571 quibus
1475 1486 1719 1570 publico
1750 1494 2002 1553 munere
2035 1509 2069 1552 a
2100 1509 2170 1553 se
2200 1500 2369 1571 gesto

339 1602 414 1663 de
445 1601 673 1663 civibus
706 1605 830 1664 suis
861 1603 1018 1664 bene
1057 1604 1301 1673 meruit,
1356 1604 1553 1665 'denuo
1592 1606 2091 1665 arma'successu
2131 1608 2254 1664 tam
2284 1601 2370 1664 fe·
2451 1630 2460 1635 1

335 1713 437 1776 lici
479 1715 785 1792 repetivit,
843 1722 908 1776 ut
946 1715 1136 1777 tribus
1183 1719 1242 1778 in
1288 1716 1768 1797 expeditionibus
1815 1716 2113 1778 continuis
2165 1722 2370 1778 contra

337 1824 544 1883 Gallos
576 1825 762 1884 multa
793 1840 929 1884 cum
961 1825 1134 1886 laude
1166 1835 1476 1904 pugnaret.
1572 1827 1803 1889 Infelici
1837 1827 1912 1888 ad
1948 1826 2367 1888 Auerstadium

334 1932 564 2012 proelio
611 1940 920 2011 superstes
967 1934 1266 1996 Lubeciae
1314 1937 1376 1995 in
1428 1935 1694 1997 hostium
1746 1937 2110 1999 deditionem
2166 1934 2369 1995 venire

337 2049 578 2106 coaetus
624 2052 736 2106 est.
830 2045 952 2107 Sed
995 2045 1156 2106 bello
1208 2050 1344 2108 anni
1389 2045 1799 2109 MDCCCXIII
1852 2054 2070 2126 coepto
2119 2046 2369 2107 Borussi

333 2155 670 2218 Bluechero
718 2156 871 2219 duce
917 2157 1032 2218 soli
1079 2176 1151 2219 ex
1197 2159 1563 2220 consociatis
1620 2144 1979 2223 exercitibus
2028 2159 2103 2220 ad
2149 2158 2365 2220 Gross-

335 2269 551 2346 gerach
585 2269 874 2348 oppidum
907 2270 1190 2331 vicerunt.
1251 2270 1407 2331 Dum
1439 2270 1715 2333 induciae
1746 2273 2061 2350 habentur,
2095 2289 2365 2332 summus

338 2381 593 2442 Silesico
627 2384 912 2445 exercitui
945 2383 1060 2445 dux
1091 2384 1466 2462 praefectus:
1498 2383 1689 2456 „lam,
1736 2388 1953 2464 inquit,
1985 2385 2187 2461 pueri,
2222 2384 2365 2444 satis

337 2492 855 2569 Francogallorum
888 2494 1351 2565 intromisimus3
1397 2497 1633 2574 agmine
1665 2483 1822 2556 nunc
1855 2513 2150 2557 converso
2182 2512 2364 2572 porro
2459 2561 2466 2566 ,

334 2606 628 2684 pergite!“
689 2606 883 2685 Atque
931 2626 1074 2669 suus
1118 2606 1334 2670 ducem
1381 2607 1556 2670 miles
1603 2627 1783 2688 porro
1832 2614 2106 2678 secutus,
2161 2605 2364 2669 Gallos

334 2719 738 2782 turbatissima
778 2721 913 2800 fuga
958 2720 1129 2782 fusos
1175 2724 1236 2782 in
1271 2739 1510 2785 amnem
1542 2725 1637 2785 cui
1674 2740 1894 2784 nomen
1925 2720 2230 2783 Kalzbach
2263 2720 2366 2781 de·

334 2837 523 2898 trusit.
618 2832 757 2912 Ipse
804 2852 939 2895 cum
961 2804 1084 2896 ⁸suo
1129 2836 1317 2897 milite
1355 2835 1587 2915 proelio
1624 2835 1925 2915 Lipsiensi
1962 2838 2072 2914 p'er
2117 2838 2367 2913 quatuor

334 2948 650 3010 continuos
689 2944 819 3006 dies
851 2964 1006 3007 unus
1039 2923 1109 3007 ab
1142 2933 1313 3007 initio
1348 2945 1422 3008 ad
1442 2951 1659 3010 exitum
1679 2964 1872 3025 usque
1901 2947 2183 3017 interfuit,
2216 2948 2368 3008 intra

330 3059 573 3138 Lipsiae
606 3066 970 3146 expugnatae
989 3060 1225 3120 moenia
1261 3062 1513 3123 summis
1546 3060 1795 3122 militiae
1827 3060 2156 3121 honoribus
2189 3076 2222 3119 a
2252 3071 2363 3119 suo

331 3189 475 3249 rege
504 3176 729 3231 auctus.
825 3168 973 3231 Inde
1000 3189 1109 3250 per
1140 3170 1585 3251 Lotharingiam
1615 3171 1923 3250 profectus
1951 3168 2366 3250 Napoleonem

331 3282 406 3344 ad
423 3281 767 3343 Brienniam
798 3291 1111 3345 assecutus
1143 3285 1310 3355 vicit3
1344 3300 1551 3344 rursus
1585 3283 1725 3345 dum
1756 3283 2017 3343 exercitu
2050 3277 2366 3341 inminuta

330 3396 566 3473 agmina
596 3393 872 3472 disperso
904 3395 1083 3456 nimis
1117 3395 1470 3456 festinanter
1487 3394 1887 3473 progreditur,
1920 3394 2132 3462 victuS‚
2153 3387 2363 3464 fdenuo

329 3506 571 3567 hostem
603 3504 679 3568 ad
708 3506 998 3568 Laonium
1030 3507 1193 3578 fudit,
1228 3509 1302 3570 ad
1333 3508 1596 3569 Parisios
1629 3507 1862 3577 devicit,
1897 3506 2178 3569 Martium
2196 3523 2365 3566 mon-

330 3621 455 3675 tem
492 3617 863 3695 expugnavit.
939 3616 1180 3678 Parisiis
1217 3620 1406 3697 captis
1438 3618 1728 3696 Principis
1766 3635 1987 3680 nomen
2022 3625 2082 3679 et
2120 3618 2363 3697 dignita·

334 3729 461 3789 tem
505 3724 755 3805 adeptus
809 3733 920 3787 est.
1013 3726 1130 3788 Ubi
1177 3727 1406 3790 bellum
1450 3730 1720 3806 proxime
1772 3728 2161 3808 subsequenti
2209 3748 2363 3791 anno

336 3833 532 3895 denuo
550 3839 784 3900 „exarsit
814 3836 887 3898 ad
909 3836 1097 3917 Ligny
1116 3839 1407 3917 oppidum
1435 3840 1508 3900 ab
1530 3838 1705 3900 hoste
1727 3846 2120 3919 oppugnatuS,
2153 3840 2364 3910 victus,

218 4021 219 4028 ἵ
332 3946 629 4027 postridie
662 3947 900 4011 Gallum
926 3948 1167 4029 plenius
1200 3966 1379 4030 quam
1409 3967 1670 4030 unquam
1698 3969 1954 4030 usquam
1999 3970 2034 4013 a
2064 3967 2362 4031 quoquam
2410 3962 2422 3972 ’

1852 4035 1943 4098 5*
