2674 4449
1274 258 1360 326 23

222 414 229 419 ’
336 442 436 493 cst.
506 440 584 492 De
619 440 723 492 hac
761 441 892 492 aede
927 455 962 490 a
992 437 1161 490 Mario
1195 438 1343 490 facta
1375 436 1649 491 Vitruvius
1683 437 1779 505 m,
1813 440 1867 492 1.
1902 436 2047 505 (cap.
2078 438 2203 504 2‚5.
2237 438 2336 492 Ed.

332 533 621 595 stereotyp.
658 525 856 593 Lips.]:
892 525 1228 594 „Peripteros
1267 530 1439 577 autem
1477 526 1595 591 erit,
1632 542 1771 598 quac·
1799 526 1958 578 habet
1992 527 2046 577 in
2076 525 2252 577 fronte
2282 531 2335 579 ct

327 615 533 680 postico
571 629 731 665 senas
769 615 1036 665 columnas
1073 614 1126 663 in
1159 612 1417 664 lateribus
1455 628 1568 666 cum
1605 613 1950 678 angularibus
1985 612 2333 678 undenas‚...
2443 678 2447 683 ι

330 715 481 770 quem
542 701 809 752 admodum
864 707 947 751 est
997 701 1050 751 in
1086 701 1289 765 porticu
1322 698 1561 766 Metelli,
1609 699 1763 752 Jovis
1800 699 2030 753 Statoris
2065 699 2333 765 Hemodi,

328 792 383 837 et
424 787 493 839 ad
537 787 785 839 Mariana
820 786 1062 839 Honorio
1101 792 1152 837 et
1188 785 1419 837 Virmtic
1455 786 1581 839 cine
1610 787 1824 854 poetico
1847 803 1893 839 τ
1928 785 2097 840 Matio
2130 781 2331 854 facta.“
2401 834 2406 839 ,

327 873 458 924 'l'um
509 873 656 933 Libri
689 875 788 925 vn
822 872 1057 925 Praefat.
1097 873 1129 935 S
1166 875 1250 924 17.
1287 871 1347 923 C.
1383 872 1535 924 Mutii
1572 873 1848 927 architecti
1882 873 2080 938 scripta
2115 872 2330 923 deside-

328 975 482 1028 rans,
517 960 599 1028 qui
618 997 634 1025 ‚
670 960 851 1030 inquit,
888 975 1085 1025 magna
1120 959 1347 1011 scientia
1383 963 1610 1012 confisus
1648 959 1809 1010 aedes
1844 959 2077 1010 Honoris
2115 963 2167 1008 et
2200 958 2330 1010 Vir-

324 1047 450 1101 tutis
496 1047 770 1098 Marianae
808 1046 975 1098 cellae
1010 1046 1465 1113 columnarumque
1500 1053 1555 1098 et
1587 1045 1955 1114 epystiliorum
1992 1044 2329 1112 symmetrias

318 1133 573 1200 legitimis
612 1133 746 1184 artis
781 1133 1039 1184 institutis
1074 1133 1314 1199 perfecit.
1386 1134 1446 1184 Id
1487 1146 1615 1184 vero
1651 1133 1704 1183 si
1738 1141 2081 1184 marmoreum
2113 1131 2329 1197 fuisset,

318 1227 376 1274 ut
407 1221 646 1287 haberet,
680 1221 1097 1288 quemadmodum
1134 1221 1198 1271 ab
1225 1224 1341 1272 arte
1371 1220 1710 1277 subtilitatem
1734 1219 1816 1271 sic
1850 1219 1916 1270 ab
1945 1217 2332 1283 magnificentia

318 1313 371 1359 et
403 1307 657 1374 impensis
696 1308 1095 1374 auctoritatem,
1146 1307 1199 1357 in
1243 1306 1426 1372 primis
1463 1311 1516 1357 et
1550 1307 1767 1357 summis
1806 1305 2050 1370 operibus
2087 1303 2326 1355 nomina-

316 1390 509 1446 retur.⁴·‘
549 1396 615 1445 ci’.
654 1394 715 1446 0.
751 1383 942 1445 ΜῡΙΙει·
978 1393 1271 1444 Handbuch
1308 1393 1400 1443 der
1434 1390 1821 1454 Archaeologie
1854 1391 2025 1453 5188.
2058 1390 2189 1440 2.—
2214 1387 2324 1440 Ae-

320 1482 439 1534 dem
491 1481 626 1548 fecit
678 1495 740 1530 ex
794 1481 976 1531 eadem
1011 1479 1252 1547 loquendi
1287 1477 1659 1531 consuetudine
1680 1513 1697 1541 ,
1746 1493 1847 1545 qua
1883 1478 1938 1528 in
1975 1491 2120 1528 omne
2156 1491 2324 1541 genus

319 1570 763 1618 monumentorum
799 1569 852 1616 et
886 1565 1238 1618 aedificiorum
1272 1564 1725 1631 inscriptionibus,
1761 1564 1927 1616 scribi
1962 1564 2126 1615 solet:
2177 1562 2327 1630 fecit,

314 1653 621 1721 faciendum
658 1653 889 1717 curavit,
928 1653 1141 1703 similia.

454 1739 666 1792 calceis
695 1741 883 1807 patric.
925 1741 1130 1792 Gruter.
1163 1738 1427 1807 puniceis.
1467 1737 1835 1791 Calceamenta
1863 1736 2060 1791 'coloris
2079 1736 2324 1803 purpurei

263 1843 272 1852 ·
315 1826 432 1879 sive
468 1827 691 1896 punicei,
736 1843 867 1895 quae
904 1828 1210 1879 mulleorum
1243 1842 1426 1879 nomen
1460 1826 1735 1893 habebant,
1775 1843 1807 1878 a
1844 1824 2087 1893 patriciis
2119 1822 2324 1891 gestari

312 1916 473 1966 solita
508 1919 751 1979 constat,
788 1929 952 1982 neque
989 1920 1162 1966 tamen
1199 1915 1263 1965 ab
1301 1913 1535 1966 omuibus
1571 1914 1667 1965 sed
1705 1912 1768 1965 ab
1805 1913 1910 1979 iis,
1970 1911 2056 1980 qui
2092 1910 2322 1964 curulem

308 2001 678 2068 magistratum
716 2001 1017 2066 cepissent:
1053 2016 1171 2051 nam
1209 2001 1404 2051 ceteris
1440 2000 1681 2065 patriciis
1710 1999 1878 2052 calcei
1902 2003 2054 2051 erant
2078 2014 2139 2049 ex
2164 1996 2322 2064 nigra

312 2087 457 2137 aluta
491 2086 687 2138 lunulis
725 2085 912 2152 ornati.
999 2088 1298 2153 Quanquam
1331 2085 1429 2136 alii
1465 2086 1620 2138 aliter
1656 2087 1717 2138 de
1754 2087 1854 2138 hoc
1892 2088 2182 2138 calceorum
2218 2100 2319 2150 ge-

308 2188 433 2224 nere
469 2176 714 2224 statuunt.
753 2174 825 2224 ci’.
859 2173 1062 2224 Becker
1095 2172 1149 2223 in
1185 2172 1357 2240 Pauly
1385 2172 1889 2242 Realenoyclopaed.
1928 2188 1974 2224 s.
1992 2187 2044 2223 v.
2072 2170 2319 2224 Calceus.

270 2277 275 2288 ³
308 2261 503 2313 Gorius
541 2261 672 2314 haec
707 2262 870 2313 verba
903 2269 1054 2315 vecte
1092 2262 1403 2329 triumphali
1454 2266 1552 2314 oet.
1592 2277 1703 2314 cum
1739 2262 1967 2328 proxime
2004 2260 2344 2313 anteceden-.

304 2347 443 2399 tibus
498 2348 801 2415 coniungit,
853 2354 908 2401 ut
957 2350 1180 2400 Marium
1231 2346 1533 2414 triumphali
1569 2352 1723 2399 veste
1761 2355 1813 2398 et
1848 2345 2043 2399 calceis
2078 2345 2318 2413 patriciis

305 2432 536 2485 indutum
572 2434 750 2485 aedem
786 2435 1015 2486 Honoris
1053 2441 1105 2486 et
1139 2434 1365 2486 Virtutis
1404 2434 1681 2486 dedicasse
1716 2434 1992 2499 intelligat.
2074 2433 2180 2485 Sed
2215 2432 2314 2484 hoo

307 2535 471 2570 sensu
509 2535 607 2570 non
639 2519 853 2588 fecisse
889 2521 986 2572 sed
1020 2520 1302 2573 dedicasse
1324 2521 1502 2572 aedem
1538 2521 1637 2574 hoc
1671 2515 1790 2572 loco
1829 2520 2158 2573 scribendum
2181 2523 2312 2570 erat.

306 2607 631 2671 Quapropter
683 2607 937 2658 hactenus
991 2611 1134 2660 certe
1183 2607 1386 2674 quidem
1440 2608 1681 2659 Morcelli
1728 2608 1865 2659 ratio
1891 2645 1906 2674 ,
1964 2623 2112 2677 quam
2158 2606 2315 2658 etiam

303 2690 533 2743 Orellius
572 2695 842 2762 sequitur,
880 2694 1052 2760 magis
1087 2694 1293 2760 placet,
1332 2694 1662 2746 coniioientis
1698 2693 2091 2761 inscriptionem
2125 2692 2178 2743 in
2212 2695 2311 2743 fine

300 2793 535 2830 mancam
569 2779 646 2831 ita
680 2782 793 2832 fere
829 2781 1169 2847 supplendam
1207 2795 1365 2831 esse:
1410 2781 1708 2846 „permissu
1742 2781 1916 2847 populi
1950 2780 2186 2831 omnibus
2221 2779 2310 2829 lu-

301 2865 383 2915 dis
436 2881 567 2917 usus
618 2862 754 2917 est.“
833 2866 1023 2918 Possis
1076 2866 1233 2917 etiam
1282 2868 1549 2933 suspicari
1601 2867 1737 2920 hunc
1770 2868 1939 2919 Mario
1974 2867 2219 2918 honorem
2253 2866 2309 2918 in

303 2950 444 3000 ludis
482 2954 807 3006 circensibus
845 2954 1089 3005 tributum
1126 2969 1250 3004 esse
1286 2958 1345 3005 ut
1378 2960 1562 3019 postea
1596 2956 1688 3006 Cn.
1713 2954 1977 3022 Pompeio,
2014 2955 2076 3005 de
2115 2968 2216 3023 qua
2246 2965 2308 3004 rc

301 3037 540 3089 Velleius
572 3041 832 3092 Patercul.
871 3042 940 3106 Π,
977 3043 1085 3091 40..
1121 3041 1385 3106 „Absente
1421 3042 1512 3094 Gn.
1546 3043 1788 3109 Pompeio
1824 3044 1884 3093 Τ.
1916 3041 2134 3106 Ampius
2172 3046 2225 3091 et
2245 3040 2305 3092 Τ.

298 3123 566 3176 Labienus
602 3125 789 3176 tribuni
825 3126 992 3192 plebis
1025 3129 1199 3192 legem
1233 3129 1489 3196 tulerunt,
1527 3135 1582 3181 ut
1606 3129 1656 3180 is
1689 3129 1830 3180 ludis
1854 3127 2184 3180 circensibus
2210 3142 2302 3179 co-

296 3228 428 3264 rona
472 3213 659 3263 laurea
707 3218 759 3263 et
807 3214 941 3264 omni
979 3214 1119 3267 cultu
1154 3215 1579 3281 triumphantium
1613 3209 1897 3266 uteretur.“
1963 3213 2105 3265 Idem
2139 3214 2305 3265 honor

296 3301 401 3351 iam
451 3303 608 3351 antea
642 3300 804 3351 Paulo
840 3301 1064 3353 Aemilio
1099 3303 1344 3370 habitus,
1397 3303 1619 3354 Aurelio
1653 3295 1870 3354 Victore
1906 3307 2059 3354 teste.
2100 3300 2213 3367 (56,
2248 3303 2300 3355 5.

299 3388 407 3455 „Ob
444 3388 578 3439 haec
614 3379 785 3438 omnia
823 3389 869 3439 ei
908 3405 941 3439 a
974 3391 1162 3456 populo
1201 3397 1253 3440 et
1288 3405 1322 3440 a
1357 3394 1539 3441 senatu
1576 3403 1885 3442 concessum
1931 3396 2033 3457 est,
2071 3397 2127 3442 ut
2158 3391 2299 3442 ludis

297 3475 636 3528 Circensibus
674 3474 973 3541 triumphali
1009 3482 1161 3528 veste
1198 3472 1501 3542 uteretur.“)
1536 3477 1656 3529 Alio
1693 3477 1810 3530 loco
1834 3479 1896 3530 de
1915 3478 2167 3529 eiusmodi
2196 3479 2298 3530 ho-

296 3577 420 3614 nore
457 3563 646 3615 collato
683 3561 811 3614 nibil
847 3564 1117 3630 quidquam
1149 3564 1324 3616 inveni
1346 3602 1366 3631 ,
1402 3566 1511 3617 nisi
1541 3568 1677 3619 forte
1719 3567 1896 3618 eodem
1916 3568 2139 3632 spectat,
2166 3567 2298 3634 quod

296 3651 346 3701 in
381 3651 523 3702 Livii
557 3651 779 3717 Epitom.
817 3650 929 3701 Lib.
969 3650 1161 3703 LXVII
1197 3649 1448 3717 legitur.“
1482 3655 1686 3706 Marius
1721 3656 2020 3722 triumphali
2053 3659 2207 3706 veste
2241 3655 2295 3707 in

298 3743 534 3788 senatum
568 3734 764 3789 venit.“
838 3738 945 3789 Sed
980 3738 1044 3788 de
1081 3740 1324 3792 clausula
1359 3742 1718 3809 inscriptionis
1772 3744 1974 3796 omnino
2020 3761 2120 3798 non
2155 3746 2293 3798 satis

297 3828 518 3874 constat.
589 3824 821 3894 Orellius
873 3825 1033 3876 enim'
1060 3826 1305 3892 adnotat,
1360 3827 1446 3880 hic
1482 3843 1544 3882 ex
1580 3831 1686 3881 alio
1742 3846 1870 3882 saxo
1913 3834 2046 3904 appd
2080 3831 2292 3885 Gon-ium

297 3908 615 3963 adhaesisse
664 3905 953 3965 Multatiiee
987 3901 1156 3966 M.'F·.
1188 3915 1272 3966 vel
1307 3915 1481 3980 potius
1514 3917 1586 3970 M.
1628 3918 1834 3971 Ulutiuc
1867 3919 1940 3971 M.
1975 3920 2038 3986 F,
2109 3920 2289 3983 Quan-
