2674 4449
1321 244 1456 359 tr

350 474 556 537 murel.
590 453 690 546 Ill,
723 472 1077 536 obsidional.
1109 470 1156 544 1,
1189 470 1341 534 fisco
1371 472 1531 543 aeris
1563 469 1621 533 X
1654 469 1903 551 captivis
1933 469 2067 535 XX.
2116 470 2379 553 Impera-

348 575 513 649 tores
544 583 709 649 vnn
743 584 935 665 ipsius
965 584 1220 645 maxime
1252 600 1437 662 opera
1472 582 1905 662 triumphantes
1938 573 2200 645 secutum

488 724 554 777 L.
592 723 843 777 Scotusae
879 723 1167 776 Dentatus.
1237 722 1392 788 Apud
1439 721 1673 792 'Plinium
1726 721 1761 772 l.
1797 720 1833 771 l.
1881 720 2018 772 alios
2053 721 2118 772 L.
2156 718 2380 773 Siccius

292 864 295 866 ,
351 812 634 866 Dentatus.
667 810 747 862 De
785 813 1004 879 utraque
1039 809 1211 861 forma
1245 825 1297 860 v.
1331 808 1635 874 Interprett.
1674 806 1737 858 ad
1771 805 1908 857 Plin.
1939 833 2005 845 —
2028 805 2251 859 Centies
2276 806 2380 859 vie.

349 898 523 966 prael.
559 898 619 947 In
654 896 754 950 hoc
786 909 1001 947 numero
1038 893 1197 946 etiam
1234 894 1439 947 Gellius
1475 898 1529 945 et
1545 891 1793 944 Valerius
1826 891 1964 944 Max.
1999 892 2038 944 l.
2074 891 2113 942 l.
2147 905 2379 944 consen-

348 984 499 1035 tiunt.
534 1008 604 1021 --
633 982 827 1045 (ostiu
862 994 939 1032 σω
968 986 1242 1048 provocat.
1295 979 1547 1032 Valerius
1602 979 1860 1032 Maximus
1912 978 2169 1032 Sicinium
2214 978 2383 1030 refert

350 1068 571 1134 triginta
608 1068 782 1135 spolia
817 1083 880 1119 ex
912 1066 1067 1118 hoste
1100 1064 1391 1130 retulisse,
1443 1079 1657 1131 quorum
1691 1064 1746 1115 in
1779 1079 1993 1117 numero
2030 1067 2147 1116 octo
2182 1062 2379 1128 fuisse,

352 1170 468 1207 cum
504 1155 692 1222 quibus
729 1153 1061 1218 inspectante
1097 1155 1315 1217 utroque
1352 1150 1586 1202 exercitu
1621 1166 1687 1202 ex
1719 1151 2091 1216 provocatione
2123 1147 2379 1200 dimicas-

353 1245 453 1291 set.
502 1241 568 1290 A.
609 1237 844 1293 Gellius:
882 1236 1095 1303 „Spolia
1129 1235 1383 1288 militaria
1416 1236 1598 1288 habuit
1630 1236 1931 1301 multiiuga,
1966 1236 2021 1287 in
2057 1234 2143 1286 his
2180 1226 2379 1301 provo-

352 1324 556 1375 catoria
590 1325 853 1390 pleraque.
893 1321 1111 1372 —Mazo
1151 1320 1336 1386 Coepit
1375 1320 1526 1371 chius
1562 1321 1722 1371 habet
1747 1321 2073 1386 diphthongo
2111 1319 2379 1386 scriptum.

346 1410 451 1468 Pro
487 1409 679 1474 spoliis
719 1403 975 1458 xxxml
1010 1404 1261 1456 Valerius
1298 1404 1580 1470 Maximus,
1616 1409 1673 1455 ut
1707 1419 1871 1470 supra
1893 1404 2142 1477 vidimus,
2167 1404 2380 1457 nonnisi

343 1492 568 1558 triginta
609 1493 787 1543 habet.
861 1493 1038 1543 Etiam
1088 1490 1142 1541 in
1192 1491 1510 1557 reliquorum
1559 1496 1976 1542 ornamentorum
2013 1503 2228 1541 numero
2261 1490 2377 1540 Pli-

342 1579 488 1644 niuS,
519 1577 770 1629 Valerius
809 1571 1092 1641 Maximus,
1128 1575 1332 1626 Gellius
1372 1591 1485 1645 cum
1522 1576 1623 1628 hoo
1659 1575 1835 1647 elogio
1871 1592 1973 1627 non
2009 1591 2377 1644 usquequaque

345 1667 676 1728 congruunt:
712 1665 1053 1713 numerantur
1091 1661 1226 1712 enim
1261 1661 1500 1728 Torques
1538 1661 1593 1712 in
1631 1662 1809 1727 elogio
1846 1662 1948 1727 ⁸733
1988 1660 2125 1727 apud
2149 1660 2378 1712 Plinium'

344 1747 431 1815 83,
484 1747 757 1799 Valerium
802 1746 1085 1798 Maximum
1135 1744 1266 1811 183,
1305 1746 1530 1797 Gellium
1564 1750 1666 1813 85,
1716 1747 1952 1800 Coronae
1987 1747 2041 1799 in
2055 1746 2250 1812 elogio
2286 1745 2377 1812 35“,

344 1834 475 1900 apud
500 1832 723 1884 Plinium
758 1834 848 1892 26,
883 1832 1198 1899 totidemque
1236 1833 1373 1898 apud
1409 1831 1673 1884 Valerium
1708 1832 1848 1883 Max--
1884 1836 1938 1883 et
1973 1831 2232 1884 Gellium·
2288 1837 2375 1883 at-

344 1934 439 1986 que
492 1917 626 1969 haec
673 1918 791 1982 ipsa
830 1916 1021 1982 viginti
1057 1933 1152 1968 sex
1189 1932 1500 1968 coronarum
1539 1933 1742 1969 summa
1776 1917 2004 1970 efficitur
2042 1918 2374 1984 singularum

343 2003 658 2068 civicarum,
695 2015 1008 2066 aurearum,
1065 2002 1339 2052 muralium
1376 2000 1779 2053 obsidionalium
1816 2018 2124 2056 coronarum
2160 2018 2377 2069 compu-

340 2088 558 2138 tatione.
617 2087 736 2137 Jam
772 2101 924 2152 quum
961 2086 1064 2136 hae
1103 2101 1349 2152 coronae,
1388 2092 1597 2152 praeter
1633 2087 1855 2153 civicae,
1891 2101 2021 2154 quas
2060 2087 2286 2153 elogium
2309 2091 2377 2140 13

341 2187 518 2224 rerum
564 2172 858 2238 scriptores
905 2172 974 2221 14
1024 2177 1324 2238 numerant,
1374 2175 1588 2224 eosdem
1635 2173 1822 2243 ubique
1871 2188 2116 2227 numeros
2152 2189 2277 2240 prae
2314 2192 2376 2231 se

339 2258 514 2309 ferant
560 2256 713 2309 etiam
749 2257 805 2309 in
844 2257 1018 2322 elogio
1073 2258 1399 2323 singularum
1440 2275 1750 2312 coronarum
1795 2260 1997 2312 numeri
2046 2263 2376 2327 computandi

341 2357 589 2394 summam
638 2352 948 2395 coronorum
992 2342 1296 2394 universam
1349 2345 1402 2394 in
1437 2344 1611 2396 indice
1647 2344 1999 2409 praepositam
2036 2346 2377 2412 aequiparare

341 2428 544 2479 debent.
617 2430 943 2494 Quapropter
976 2427 1314 2492 proculdubio
1353 2443 1446 2494 pro
1486 2428 1731 2481 Coronae
1764 2428 1972 2482 XXXV
2002 2432 2376 2497 emendandum

347 2518 465 2564 est:
505 2512 755 2565 Coronae
788 2512 953 2564 XXV.

430 2637 435 2648 .
484 2598 649 2649 Fieeo
687 2597 837 2650 aeris
863 2596 932 2649 Χ.
971 2597 1256 2651 ReinesIus
1297 2601 1670 2653 emendandum
1708 2607 1915 2655 censet:
1952 2603 2051 2656 Eae
2073 2604 2160 2655 vel
2187 2583 2375 2670 ati-reo

343 2684 495 2736 aeris
544 2684 602 2737 X
643 2684 894 2738 nullibus.
933 2683 1176 2739 Pliniust
1233 2687 1367 2736 fisco
1406 2686 1589 2752 aeris,
1640 2687 1691 2738 X
1729 2687 1957 2752 captivis
1995 2693 2049 2739 et
2082 2690 2182 2741 XX
2219 2690 2376 2742 simul

340 2771 525 2821 bubus.
574 2771 727 2836 Apud
766 2770 1039 2823 Valerium
1074 2770 1356 2821 Maximum
1396 2774 1448 2821 et
1485 2770 1710 2822 Gellium
1747 2772 1970 2838 pecunia
2001 2774 2209 2839 donata,
2249 2792 2375 2842 oap—

341 2855 438 2908 tivi
476 2860 528 2907 et
561 2857 727 2907 boves
767 2859 1186 2921 praetereuntur.
1271 2854 1435 2907 Aeris
1481 2856 1615 2907 idem
1656 2862 1741 2909 est
1778 2859 1911 2924 quod
1945 2859 2197 2924 aecium3
2253 2877 2377 2913 nam

342 2940 554 2992 assibus
592 2939 810 3007 saepius
849 2956 1001 3010 quam
1041 2939 1315 2991 sestertiis
1351 2940 1677 2993 vetustiores
1702 2942 1927 2995 Romani
1951 2945 2200 3009 pecuniae
2224 2962 2374 2999 sum-

339 3041 478 3078 mam
515 3026 884 3091 designabant,
921 3024 1237 3092 praesertim
1273 3025 1325 3075 in
1365 3025 1499 3076 actis
1537 3026 1781 3092 publicis.
1821 3028 2124 3082 narduinus
2160 3033 2226 3083 ad
2256 3033 2375 3085 Pli-

340 3112 483 3163 nium
530 3112 568 3162 1.
624 3112 660 3163 l.
713 3112 1105 3178 superpositam
1159 3115 1310 3162 notae
1358 3110 1564 3162 denarii
1616 3111 1666 3163 X
1715 3113 1963 3165 lineolam
2000 3115 2073 3166 ibi
2110 3117 2374 3170 excidisse

340 3198 591 3264 coniicit,
628 3213 758 3266 quae
794 3212 1061 3250 numerum
1095 3196 1444 3249 millenarium
1488 3196 1835 3261 significaret
1907 3199 2138 3294 Itemque
2176 3201 2239 3253 de
2274 3203 2374 3257 hoc

340 3289 525 3337 nostro
562 3284 682 3335 loco
720 3283 911 3336 coniici
944 3287 1133 3350 potest.
1795 3325 1800 3326 γ

475 3372 845 3438 Imperatores
902 3369 1059 3421 VIIII
1110 3374 1196 3421 est
1250 3369 1384 3434 apud
1429 3368 1789 3435 Mazochium,
1840 3369 1927 3438 qui
1974 3386 2219 3424 numerus
2257 3387 2374 3426 cum

341 3456 502 3509 Plinii
539 3461 592 3508 et
626 3454 827 3507 Valerii
850 3454 1064 3507 Maximi
1102 3455 1235 3520 locis
1276 3453 1556 3506 consentit.
1613 3455 1921 3524 Reinesius,
1954 3473 2102 3525 quem
2140 3457 2372 3512 Orellius

341 3542 596 3611 sequitur,
635 3555 836 3605 errore,
875 3539 1189 3606 ut·videtur,
1226 3541 1540 3606 typographi
1579 3542 1737 3594 habet
1771 3543 1913 3595 VIII.

946 3697 1134 3792 XX.
1180 3703 1512 3794 Decius
1540 3731 1760 3795 Mus.

410 3889 416 3894 ,
474 3836 684 3889 Primus
722 3837 1029 3891 Mazochius
1069 3837 1233 3889 edidit
1267 3838 1320 3889 in
1356 3838 1732 3904 Epigrammat.
1757 3839 1926 3914 antiq.
1964 3825 2111 3892 urbis
2135 3854 2254 3907 pag.
2278 3840 2369 3890 80.

335 3937 398 3973 ex
444 3921 649 3990 lapide,
702 3940 851 3991 quem
904 3924 1102 3979 Romae
1157 3924 1223 3976 ad
1272 3924 1473 3977 Aedem
1519 3930 1751 3979 ‘sanctae
1785 3926 2020 3979 Geoiliae
2055 3925 2109 3978 iu
2144 3917 2359 3990 regione
