2674 4449
1248 291 1327 351 10

289 445 474 525 famem
512 468 664 531 atque
711 462 1023 515 invidiosam
1058 462 1331 515 lectionem
1370 465 1589 514 senatus
1626 479 1658 513 a
1694 463 1905 526 collega
1941 462 2171 513 habitam
2205 477 2306 513 ve·-

289 548 541 598 recundia
586 548 777 598 victum
829 549 1143 610 magistratu
1184 563 1243 598 se
1283 545 1604 610 abdicas-03
1652 547 1936 599 Frontinus
1973 548 2051 597 De
2087 549 2306 613 aquaed.

291 646 336 681 c.
370 638 420 681 5.
463 630 662 691 Plautio
691 637 745 681 ut
780 631 1046 681 abdicaret
1068 633 1283 697 Appium
1310 632 1685 697 persuasisse,
1711 649 1807 697 quo
1831 632 1947 707 ipse
1976 632 2123 682 solus
2145 647 2307 696 opera

289 716 500 781 publica
537 716 788 765 communi
829 731 952 765 cura
977 719 1173 768 exstrui
1207 723 1391 782 coepta
1422 731 1516 767 suo
1549 718 1717 781 ipsius
1744 717 1947 767 nomine
1967 717 2304 779 inscriberet,

289 807 524 852 narrant.
561 800 720 850 Addit
740 801 924 850 Livius
943 802 1037 863 IX,
1055 805 1140 852 33.
1179 803 1414 868 „Appius
1434 786 1685 853 Claudius
1706 801 2036 856 circumactis
2057 803 2231 851 decem
2253 807 2306 850 et

286 891 401 936 octo
428 884 713 945 mensibus,
755 886 886 950 quod
906 886 1130 937 Aemilia
1157 888 1275 950 lege
1302 888 1499 937 finitum
1522 902 1779 938 censurae
1798 888 2049 952 temporis
2076 885 2305 951 spatium

286 974 432 1032 erat,
487 985 638 1036 quum
688 969 744 1019 O.
784 969 1023 1027 Plautius
1078 970 1287 1033 collega
1335 970 1451 1020 eius
1507 970 1825 1034 magistratu
1873 986 1933 1020 se
1983 973 2304 1037 abdicasset,

286 1055 432 1104 nulia
480 1052 533 1103 vi
581 1054 857 1118 compelli,
909 1061 965 1105 ut
1000 1055 1285 1119 abdicaret,
1320 1050 1534 1118 potuit.“
1604 1056 1803 1105 Deinde
1841 1059 2202 1106 contentiones
2229 1059 2304 1111 ‘de

288 1137 391 1188 hac
427 1153 486 1188 re
522 1137 725 1187 habitas
764 1140 978 1204 copiose
1016 1145 1209 1190 narrat.
1279 1140 1531 1190 Aurelius
1573 1140 1751 1189 Victor
1793 1139 1899 1202 (De
1934 1141 2068 1189 viris
2107 1141 2305 1191 illustr.

293 1237 339 1273 c.
375 1221 523 1284 340:
563 1222 888 1288 „Censuram
931 1225 1078 1275 solus
1117 1226 1253 1274 omni
1291 1224 1630 1290 quinquennio
1670 1221 1939 1273 obtinuit.“
1966 1254 2020 1261 -
2049 1224 2175 1274 00⁸.
2203 1225 2305 1275 bis.

285 1306 514 1358 Primum
553 1309 731 1358 consul
771 1309 868 1359 fuit
905 1325 1016 1360 cum
1059 1311 1116 1360 1..
1141 1310 1411 1359 Volumnio
1440 1327 1489 1358 a.
1515 1312 1701 1359 u.446.
1736 1310 1854 1358 Liv.
1894 1309 1988 1372 lx,
2023 1310 2110 1358 42.
2156 1308 2307 1358 Fasti

294 1392 566 1457 capitolin.
605 1396 669 1443 ad
710 1395 845 1444 hunc
885 1409 1099 1459 annum,
1149 1395 1429 1443 secundum
1470 1409 1580 1444 cum
1620 1396 1675 1454 Q.
1714 1395 1872 1444 Fabio
1909 1395 2133 1444 Maximo
2170 1413 2216 1443 a.
2254 1408 2308 1442 u.

290 1479 414 1527 456.
485 1477 592 1529 Cic.
631 1481 754 1530 Seu.
792 1493 836 1528 c.
877 1483 926 1528 6.
988 1481 1105 1529 Liv.
1144 1479 1210 1542 X,
1246 1481 1328 1527 57.
1384 1479 1533 1528 Fast.
1572 1479 1850 1543 Capitolia.
1889 1479 1956 1528 ad
1992 1479 2041 1527 h.
2080 1493 2198 1528 ann.
2240 1503 2302 1513 —

289 1561 427 1612 Dion.
466 1565 672 1623 Quando
711 1564 936 1612 dictator
972 1564 1128 1612 fuerit
1162 1563 1365 1626 Appius
1404 1563 1654 1612 Claudius
1692 1563 1911 1612 indicari
1949 1579 2110 1627 posse
2149 1565 2308 1627 negat

287 1645 642 1695 Drumamme
681 1643 749 1708 (1.
794 1647 828 1695 Ι.
868 1662 983 1710 pag.
1021 1647 1189 1709 174.),
1234 1661 1404 1713 neque
1443 1648 1582 1695 aliud
1620 1647 1774 1696 huius
1812 1648 1890 1695 rei
1927 1652 2134 1710 praeter
2170 1646 2307 1695 hunc

288 1730 493 1779 titulum
531 1731 882 1780 testimonium
922 1732 1090 1780 affert.
1149 1732 1255 1780 Sed
1292 1731 1442 1780 Fasti
1469 1731 1745 1795 capitolin.
1783 1731 1845 1779 ad
1883 1745 1998 1781 ann.
2037 1747 2084 1780 u.
2124 1731 2301 1780 &461

291 1813 512 1863 disertis
547 1815 728 1863 verbis
767 1815 984 1879 Appium
1022 1816 1285 1865 Claudium
1324 1816 1431 1875 hoc]
1462 1831 1593 1865 anno
1630 1816 1947 1866 Dictatorem
1981 1817 2308 1866 comitiorum

288 1896 645 1948 habendorum
683 1915 850 1948 causa
887 1906 1117 1949 creatum
1157 1915 1281 1949 esse
1322 1907 1741 1950 commemorant.

428 1982 694 2031 Interreae
728 1984 831 2032 ΙΙΙ.
884 1987 1080 2045 Quibus
1117 1987 1269 2034 annis
1307 1986 1546 2049 primum,
1585 1984 1789 2050 iterum,
1826 1985 2031 2034 tertium
2070 1984 2308 2033 Interrex

288 2066 477 2129 fuerit,
517 2068 821 2118 accuratius
858 2069 1063 2119 definiri
1100 2071 1293 2135 nequit.
1363 2069 1479 2118 Una
1513 2070 1633 2118 vice
1670 2069 1769 2118 hoc
1806 2084 2015 2120 munere
2053 2084 2137 2119 an.
2174 2083 2222 2118 u.
2260 2086 2306 2118 c.

286 2152 392 2200 454
429 2151 634 2202 functus
675 2157 777 2217 est,
817 2153 877 2203 de
915 2169 1015 2222 qua
1050 2169 1107 2203 re
1144 2153 1331 2202 Livius
1372 2152 1466 2216 (X,
1505 2151 1619 2215 11.)
1656 2154 1788 2203 haec
1826 2153 2008 2206 habet:
2054 2155 2134 2204 Eo
2172 2169 2305 2203 anno

289 2234 416 2299 (nec
455 2238 680 2288 traditur
717 2239 911 2299 causa)
954 2238 1307 2303 interregnum
1348 2241 1544 2290 initum.
1583 2242 1889 2301 lnterreges
1918 2240 2065 2289 fuere
2103 2241 2305 2304 Appius

285 2321 574 2387 Claudius,
614 2322 731 2372 dein
769 2324 826 2373 P.
867 2323 1155 2388 Sulpicius.
1210 2325 1265 2374 Is
1304 2325 1515 2374 comitia
1551 2323 1859 2375 consularia
1894 2324 2090 2374 habuit.
2126 2326 2306 2375 Acce-

281 2405 359 2455 dit
392 2405 498 2456 alia
536 2407 823 2473 interregni
845 2410 1065 2475 Appiani
1103 2410 1292 2459 mentio
1331 2411 1464 2474 apud
1493 2411 1799 2461 Ciceronem
1837 2411 1887 2459 in
1914 2410 2055 2460 Brut.
2084 2425 2195 2474 cap.
2219 2412 2304 2460 14.

287 2490 372 2539 his
411 2492 616 2541 verbis:
657 2494 946 2544 Possumus
969 2530 982 2543 .
1006 2529 1020 2543 .
1057 2494 1323 2559 suspicari
1363 2496 1615 2545 disertum
1644 2531 1657 2544 .
1685 2534 1697 2545 .
1722 2531 1735 2544 .
1772 2495 2127 2561 M’.;Curium,
2171 2497 2305 2564 quod

288 2575 338 2623 is
375 2575 613 2626 tribunus
650 2579 840 2641 plebis,
880 2580 1146 2641 interrege
1184 2580 1351 2643 Appio
1383 2580 1578 2644 Caeco,
1613 2581 1814 2630 diserto
1850 2580 2054 2629 honiine
2093 2580 2304 2630 comitia

286 2664 471 2711 contra
501 2662 651 2724 leges
675 2663 898 2712 habente
932 2679 1043 2713 cum
1077 2664 1137 2712 de
1174 2664 1320 2727 plebe
1358 2667 1626 2716 consulem
1658 2681 1759 2716 nou
1787 2665 2097 2729 accipiebat,
2126 2668 2308 2730 patres·

283 2752 404 2795 ante
442 2753 688 2798 auctores
723 2749 838 2798 fleri
877 2751 1128 2811 coegerit.

416 2833 514 2882 Pr.
551 2834 627 2884 II.
682 2834 811 2883 Aea.
850 2848 970 2883 cur.
1006 2835 1081 2888 ΙΙ.
1118 2837 1180 2898 Q.
1215 2836 1308 2885 Tr.
1347 2835 1457 2885 mil.
1493 2836 1595 2886 ΙΙΙ.
1653 2834 1848 2895 Quibus
1888 2835 2039 2884 annis
2077 2839 2303 2897 praetor,

285 2916 475 2966 aedilis
512 2919 737 2981 curulis,
775 2926 1045 2985 quaestor,
1083 2922 1321 2970 tribunus
1361 2922 1577 2972 militum
1613 2920 1811 2985 Appius
1851 2920 2060 2970 iteratis
2100 2920 2302 2970 vicibus

283 3001 476 3066 fuerit,
515 3003 652 3051 satis
691 3012 938 3054 accurate
976 3005 1182 3056 definiri
1219 3007 1412 3074 nequit.
1451 3007 1527 3056 De
1563 3010 1814 3070 praetura
1849 3004 2001 3068 Appii
2040 3006 2303 3053 Druman-

281 3102 381 3136 nus
421 3087 486 3149 (l.
525 3089 563 3137 Ι.
597 3103 720 3153 pag.
757 3089 876 3138 171.
917 3095 1019 3139 not.
1057 3088 1178 3153 80.)
1217 3092 1293 3140 ita
1331 3092 1522 3152 sentit,
1582 3091 1758 3139 eodem
1799 3089 2058 3153 pertinere
2096 3105 2303 3151 annum,

287 3189 384 3239 quo
421 3181 543 3237 post
576 3176 854 3225 secundum
893 3175 1220 3225 consulatum
1254 3184 1578 3240 propraetor
1609 3175 1745 3239 parti
1771 3175 2036 3224 exercitus
2061 3175 2113 3223 in
2140 3175 2305 3223 Etru-

287 3260 369 3311 ria
421 3267 720 3325 praeesset.
789 3261 978 3310 Livius
1015 3270 1157 3312 certe
1193 3263 1394 3326 quidem
1433 3262 1534 3312 hoo
1571 3260 1720 3312 ducis
1756 3274 1967 3310 munere
2005 3260 2305 3321 fungentem

274 3352 584 3411 praetorem
621 3360 734 3395 eum
774 3346 1015 3409 appellat.
1062 3346 1153 3410 (X,
1189 3346 1273 3395 24.
1311 3348 1399 3396 25.
1434 3346 1544 3405 31.)

421 3430 623 3496 Oppida
659 3431 723 3481 de
761 3429 1093 3480 Samnitibus
1130 3431 1283 3496 cepit.
1323 3430 1508 3480 Livius
1535 3431 1599 3493 X,
1630 3432 1713 3479 17.
1746 3436 2011 3495 postquam
2043 3429 2304 3493 Murgan-

281 3516 443 3579 tiam,
482 3516 819 3578 Romuleam,
859 3516 1223 3579 Ferentinum,
1273 3516 1584 3565 Samnitium
1622 3516 1781 3566 urbes
1819 3530 1853 3564 a
1887 3515 1946 3564 P.
1984 3515 2144 3564 Decio
2183 3511 2304 3576 (an.

283 3617 331 3651 u.
370 3618 413 3652 c.
452 3601 605 3667 456.)
646 3607 830 3666 captas
868 3603 1137 3664 narravit,
1174 3600 1308 3650 haec
1346 3601 1491 3650 addit
1526 3602 1587 3651 de
1627 3601 1844 3651 diversa
1879 3600 2062 3649 harum
2102 3613 2312 3661 expug-

281 3686 546 3735 nationum
593 3688 762 3735 fama:
830 3686 996 3735 Huius
1034 3690 1445 3749 oppugnatarum
1485 3686 1683 3735 urbium
1722 3684 1933 3733 decoris
1973 3698 2097 3747 pars
2138 3683 2306 3732 maior

277 3772 328 3821 in
368 3771 675 3837 quibusdam
702 3770 978 3821 annalibus
1007 3771 1070 3820 ad
1100 3770 1382 3820 Maximum
1413 3771 1651 3821 trahitur.
1688 3770 2039 3831 Murgantiam
2073 3784 2105 3816 a
2129 3766 2308 3828 Decio,
2367 3757 2370 3760 ¹

285 3872 319 3906 a
352 3856 518 3908 Fabio
555 3856 922 3920 Ferentinum,
962 3856 1367 3939 Romuleamque
1403 3863 1731 3920 oppugnatas
1767 3854 2004 3904 tradunt:
2060 3858 2185 3902 suut
2218 3851 2308 3917 qui
